2056 3193
159 106 204 152 '156

155 226 248 271 Basilio,
261 227 288 263 nil
300 231 344 269 est,
357 224 411 273 quod
422 237 462 262 nou
474 225 584 276 diligentia
596 225 725 276 corrigatur,
737 240 803 278 neque
814 228 887 266 vitium
899 228 962 265 ullum

156 288 206 324 adeo
219 300 291 338 grave,
304 285 356 335 quod
368 298 408 323 nou
419 287 460 324 Dei
471 287 546 326 timore
557 287 704 338 pervirrcatur=²⁷
715 286 741 336 ¹).
753 291 781 327 Et
793 289 815 328 S.
827 291 880 327 Leo:
894 290 962 328 „Dum

155 349 175 386 iu
187 349 225 385 hoc
238 359 325 396 corpore
344 347 433 394 vivitur,
449 349 525 386 nullius
540 348 669 398 desperanda
683 351 800 398 reparatio,
819 352 855 389 sed
873 351 962 389 onmium

155 416 187 446 est
198 409 285 457 optanda
304 410 410 447 correctio
429 411 541 448 auxiliante
552 410 650 448 Domino:
670 408 709 457 Qui
724 411 789 461 erigit
807 413 881 458 elisos,
900 413 962 451 solvit

155 468 289 517 sonipeditos,
302 470 404 508 illuminat
416 472 505 509 caecos'⁷
514 470 539 519 ²).
553 471 631 519 Quodsi
642 471 688 521 agri
702 473 795 509 cultores
806 474 861 511 viam
870 481 890 512 et
898 474 961 512 ratio·

153 542 198 567 nem
210 530 345 576 invenerunt,
365 545 404 581 qua
416 533 520 583 amygdali
535 533 586 570 alias
605 532 694 570 acerbae
707 533 905 582 dulciaproferaut,
925 549 962 575 cur

153 591 187 628 vie
199 603 239 628 nou
251 592 369 629 inveniatur
381 593 405 629 ad
417 594 504 630 vitiosos
521 606 589 631 mores
609 594 734 631 umtaudos?
755 596 796 632 „Et
808 594 873 640 forte,
889 604 911 634 ut
929 610 961 635 sa-

152 652 234 701 pienter
246 653 391 690 animadvortit
405 654 426 691 S.
441 653 618 701 Clirysostcuum,
636 655 655 692 si
666 654 725 692 hodie
738 655 808 693 verbis
820 656 862 693 tuis
874 669 914 695 uon
927 659 961 696 ob·

153 720 263 762 temperat,
278 720 349 762 postea
362 715 523 763 obtemperabit,
540 721 560 752 ct
572 715 590 751 si
601 728 668 765 neque
681 717 772 754 secunde
785 722 805 753 et
817 717 880 754 tertio
893 719 961 756 admo-

153 775 209 811 nenti
222 775 386 823 obtemperabit,
405 775 481 812 iterum
496 782 564 813 tamen
577 783 596 813 te
608 777 681 813 videus
698 784 807 827 urgentem
820 778 874 815 forte
887 781 961 817 erube·

153 842 208 879 scel,
225 842 246 872 et
257 836 362 872 reveritus
375 842 431 873 tuam
444 849 515 873 curam
528 837 552 874 ab
566 837 604 882 bis,
617 850 668 887 quae
682 839 795 883 offendunt,
808 838 903 876 desistet.
916 841 961 878 Non

152 897 235 941 videtis,
249 904 324 946 quanta
334 898 393 934 Deus
405 898 563 948 longanimitate
575 911 613 935 nos
627 900 709 944 tolerat,
723 906 743 936 et
758 900 858 949 quomodo
871 901 961 950 quotidie

153 958 280 1009 negligimus
292 959 438 1008 obtemperare
450 960 545 996 nraudato
559 960 611 1007 ejus,
627 967 647 997 et
659 973 724 1010 neque
743 961 773 998 sic
792 968 863 998 cessat
881 974 893 998 a
911 975 961 1000 cura

153 1022 240 1056 nostra?
253 1019 321 1057 Simili
333 1020 392 1057 modo
405 1027 425 1057 et
437 1033 474 1057 nos
487 1015 539 1072 erga
547 1021 626 1058 fratres
634 1028 718 1059 nostros
727 1023 778 1059 bene
787 1023 857 1059 affecti
864 1036 961 1075 magnam

153 1081 254 1118 faciaums
267 1081 402 1132 diligentiam,
415 1088 436 1118 et
448 1083 577 1119 reluctemur
589 1083 679 1133 nraligno
691 1084 720 1119 illi
733 1084 837 1127 daemoni,
854 1091 876 1121 ut
887 1085 960 1122 irritos

152 1141 196 1189 ejus
209 1143 310 1179 faciaums
323 1143 422 1179 conatns”
430 1140 456 1190 ³).

225 1199 250 1249 3]
262 1204 382 1254 Diligenter
395 1210 468 1241 caveat
481 1204 632 1249 confessarius,
651 1217 676 1241 ue
690 1211 725 1242 aut
734 1206 807 1242 labore
819 1205 839 1242 iu
852 1207 960 1246 curatione

152 1271 249 1313 suscepto
263 1265 399 1315 defatigatum
412 1277 434 1301 sc
447 1266 550 1310 ostendat,
563 1271 598 1302 aut
610 1271 691 1303 certum
704 1266 784 1303 divinae
802 1266 960 1306 misericordiae

147 1325 270 1373 justitiacvc
282 1332 363 1374 tempus
374 1326 514 1374 praescribat,
527 1339 559 1371 nc,
579 1326 634 1364 sicut
649 1326 669 1363 iu
682 1326 721 1364 hoc
737 1327 832 1364 seniores
850 1328 960 1367 Betbuliae

150 1386 275 1431 imitaretur,
289 1387 392 1424 diceutes:
413 1386 520 1435 „Quinque
533 1387 577 1423 dies
590 1393 737 1435 exspectemus
749 1400 761 1424 a
778 1388 824 1424 Dee
839 1389 960 1427 misericor-

151 1446 215 1491 diam,
235 1447 253 1483 si
269 1453 337 1484 autem
356 1447 470 1485 transactis
483 1447 571 1496 quinque
591 1446 663 1485 diebus
675 1459 714 1484 non
733 1448 816 1485 venerit
828 1448 959 1496 adjutorium,

151 1508 257 1545 tradentes
270 1508 401 1553 civitatern,”
413 1508 443 1545 ita
455 1514 476 1545 et
488 1508 557 1545 audiat
570 1520 617 1546 cum
628 1509 715 1546 iisdem:
729 1509 847 1548 „Posuistis
858 1522 896 1547 vos
908 1516 959 1549 tcm-

151 1581 188 1618 pus
200 1569 342 1607 miserationis
353 1569 447 1614 Domini,
461 1575 482 1606 et
492 1569 512 1606 in
526 1569 635 1607 arbitrium
646 1576 741 1607 vestrum
754 1570 807 1607 diem
820 1571 959 1610 constituistis

151 1631 175 1667 ei.
188 1631 232 1667 Non
246 1637 278 1668 est
289 1631 329 1668 iste
342 1643 419 1676 sermo,
432 1631 466 1680 qui
477 1631 644 1669 misericordiam
656 1638 767 1680 provocet,
784 1631 820 1669 sed
833 1633 913 1680 potius,
926 1634 960 1683 qui

150 1692 202 1729 iram
215 1688 338 1739 excittet’⁷⁴].
356 1692 430 1730 Potius
443 1705 495 1744 ergo
513 1691 621 1730 ruborem
631 1694 707 1731 vineoe
719 1692 825 1738 imitetur,
846 1694 893 1743 qui,
913 1707 959 1732 cum

149 1754 251 1792 Dominus
263 1754 335 1792 vineae
347 1754 457 1792 ficulneam
469 1754 563 1792 ster-ilem
575 1754 685 1803 reperiens
698 1754 778 1793 succidi
787 1754 896 1802 jussisset,
909 1756 960 1794 dixit

150 1815 174 1852 ad
186 1815 255 1853 illum:
270 1815 369 1854 „Dimitte
381 1816 437 1852 illam
450 1822 470 1852 et
481 1815 520 1853 lroc
533 1828 593 1861 aurio,
605 1828 670 1865 usque
683 1816 729 1853 dum
741 1816 818 1853 fodiam
831 1816 959 1861 eircaillam‚

150 1884 170 1915 et
182 1878 261 1915 mittam
273 1884 379 1923 stercora:
393 1884 413 1915 et
425 1878 526 1928 siquidem
537 1877 614 1916 fecerit
624 1877 726 1916 fructum:
739 1877 771 1915 sin
784 1884 860 1923 autem,
871 1877 892 1915 in
904 1878 958 1917 futu·
985 1909 987 1913 ,

149 1953 194 1977 rum
213 1940 310 1978 succides
329 1938 420 1987 ‹aanr''⁵].
439 1940 480 1976 Vel
492 1940 608 1989 arcadicum,
626 1940 672 1989 qui,
686 1952 732 1977 cum
744 1939 865 1991 graviorem
882 1940 959 1978 viderit

150 2003 250 2048 morbum,
263 2015 302 2040 uon
313 2003 406 2048 desistit,
418 2009 457 2040 nee
468 2002 565 2040 tnolestia
577 2010 691 2051 oppressus
704 2002 780 2048 deficit,
793 2002 829 2040 sed
838 2002 862 2039 ad
873 2000 960 2041 ferenda

149 2065 242 2103 remedia
254 2065 375 2117 diligentius
387 2077 410 2102 se
423 2065 522 2116 accingit,
535 2064 588 2115 quod
600 2076 637 2102 uos
646 2065 718 2103 facere
726 2064 787 2113 jubet
799 2064 821 2103 S.
834 2064 959 2114 ehrysosto-

150 2140 202 2172 mus,
216 2139 277 2166 „uam
288 2134 365 2178 ¹quanto
377 2127 516 2177 impudentior
529 2133 589 2177 atque
600 2127 730 2176 pertinacior
742 2127 814 2172 fuerit,
826 2127 960 2179 tantomagis

150 2191 173 2229 ad
186 2190 352 2228 emendationem
364 2189 408 2238 ejus
421 2189 499 2239 absque
511 2189 544 2226 ira
555 2195 576 2226 et
586 2189 684 2227 rrrolestie
696 2189 818 2227 studendum
832 2189 877 2226 est’⁷
888 2186 914 2236 ⁶).

223 2247 249 2299 4)
262 2252 286 2290 Si
296 2264 348 2289 vero
359 2263 397 2301 per
409 2251 477 2289 media
492 2250 543 2288 nihil
560 2250 641 2288 omniuo
657 2251 735 2289 fecisse
754 2263 777 2288 se
793 2251 902 2297 advertat,
919 2263 960 2288 nou

149 2315 253 2359 turbetur,
266 2314 303 2351 sed
313 2313 383 2363 potius
395 2313 551 2351 rnetnorabilem
564 2312 587 2350 S.
599 2313 836 2351 Bernardisenteutiam
844 2313 959 2362 ponderet:

152 2377 217 2420 tutti,
229 2376 302 2425 inquit,
315 2375 416 2420 diffidere,
429 2383 501 2413 curam
517 2374 624 2425 exegeris,
636 2382 677 2411 nou
696 2374 846 2412 cu1·atiouem.''
865 2374 960 2424 Denique

151 2437 235 2475 audisti:
256 2437 348 2476 „Curam
364 2436 420 2474 illies
432 2435 509 2481 habe?
525 2442 547 2473 et
558 2444 598 2473 nou
611 2444 669 2481 cura,
688 2436 722 2473 vel
734 2447 785 2473 sana
796 2436 861 2473 illum.
878 2435 960 2473 Verum

151 2498 201 2536 dixit
213 2499 303 2548 quidam:
315 2511 355 2535 uon
367 2505 400 2535 'est
411 2498 432 2535 in
443 2498 530 2535 medicis
543 2509 633 2547 semper,
646 2498 754 2535 relevetur
766 2503 788 2535 ut
800 2510 876 2548 aeger3
890 2503 959 2535 atme-

149 2560 189 2598 lius
202 2560 239 2597 tibi
249 2572 342 2610 propono
355 2559 379 2597 de
392 2560 439 2597 tuis.
452 2581 482 2586 —
499 2559 577 2596 Paulus
589 2559 691 2609 loquitur:
712 2559 776 2597 „Plus
795 2558 890 2596 omnihus
903 2558 959 2597 laho-

149 2621 218 2666 ravi,’⁷
230 2633 270 2659 uon
282 2622 317 2666 ait,
336 2622 382 2671 plus
395 2622 489 2659 omnibus
500 2621 581 2670 profui,
598 2627 633 2658 aut
647 2621 694 2670 plus
713 2621 807 2658 omuibus
820 2620 959 2659 fructificavi:

149 2683 238 2721 verbum
249 2683 340 2720 insolens
352 2682 514 2734 religiosissime
532 2683 608 2720 vitans.
627 2682 686 2719 Alias
706 2689 774 2720 autem
786 2688 874 2719 'noverat
891 2682 959 2728 homo,

150 2749 210 2796 quein
223 2744 293 2781 docuit
309 2745 381 2790 Deus,
401 2744 449 2794 quia
465 2744 608 2794 unusquisque
627 2743 742 2782 secundum
756 2743 850 2781 labereta
862 2744 959 2794 accipiet,

175 2893 189 2931 ¹]
200 2891 248 2931 Reg.
260 2890 288 2920 lo.
298 2906 323 2910 -
331 2888 347 2927 2)
357 2888 420 2921 Serra,
430 2890 459 2921 33.
471 2897 489 2920 c.
498 2890 515 2920 5.
524 2906 548 2910 —
557 2888 694 2927 ³)H0ur.'41.in
704 2887 753 2921 Gen.
763 2906 787 2910 —
795 2890 812 2928 4)
820 2888 921 2922 JudVIll.
930 2890 959 2921 13.

200 2940 229 2972 12.
238 2955 263 2962 -
272 2938 287 2977 ⁵)
297 2936 343 2970 Luc.
353 2937 404 2969 XIII.
414 2938 431 2971 8.
441 2956 465 2960 -
474 2940 490 2978 ⁶)
500 2937 557 2969 Hom.
567 2938 596 2970 61.
606 2937 624 2969 in
633 2937 701 2969 Matth.
