2017 3193
876 122 920 164 275
939 118 942 120 ’

111 242 208 284 tandum,
231 237 298 276 sancti
315 243 386 287 patres
404 237 481 287 passim
497 244 629 289 agnoverunt
644 245 665 276 et
681 237 844 289 praedicarunt,
862 242 885 274 ut
897 235 919 273 S.

111 290 246 342 Ambrosius:
266 298 330 348 „Quis
343 300 395 338 euim
409 298 512 348 appetitus
523 297 552 345 ¹),
567 299 643 348 iuquit,
663 312 702 338 non
715 299 784 337 discat
795 299 920 350 ignoscere,

112 361 191 413 quando
203 372 240 410 pro
252 360 424 409 persecutoribus
437 357 535 395 Christus
548 365 569 395 et
581 359 741 398 crucifixoribus
752 361 849 397 orabam
862 360 889 395 Et
898 357 920 394 S.

111 422 255 474 Augustinus:
273 420 338 469 „Qtrid
351 421 400 458 vis?
416 418 543 455 Vindicari?
562 418 616 454 Vide
627 421 760 466 pendentem,
777 427 798 458 et
809 419 848 457 tibi
860 419 884 456 de
897 418 920 454 li-

112 495 154 534 gno
169 488 265 531 tanquam
281 482 305 519 de
320 480 419 518 tribunali
436 477 606 526 praecipientem.
622 478 675 516 Vide
696 481 829 528 pendentem,
849 486 869 516 et
885 478 921 515 tihi

111 543 219 594 languenti
235 542 259 579 de
274 554 311 579 suo
324 540 426 590 sanguine
438 537 611 574 medicamentum
629 538 746 576 facientem.
765 540 818 577 Vide
830 539 921 588 penden-

112 609 164 650 tem,
177 603 223 641 audi
234 607 365 652 precantem:
381 600 447 636 Pater
458 597 547 647 ignosce
559 597 613 634 illis’'
621 595 647 645 ²).

185 661 210 712 3]
227 663 315 701 Juvahit
328 662 391 699 etiam
409 658 512 710 cogitare,
530 670 590 709 quam
602 660 667 697 multa
680 660 705 698 ad
717 672 754 698 nos
770 668 839 698 mutuo
852 673 920 698 aman·

112 726 172 773 dum,
190 726 317 775 aliorumque
335 719 433 760 felicitati
454 732 478 758 ac
497 720 560 758 saluti
578 721 749 772 congaudendum
770 728 790 759 et
814 722 921 773 gratulan-

113 789 159 828 dum
175 789 264 828 incitare
287 785 388 829 debeant3
411 782 454 830 uti,
477 795 515 821 nos
538 795 609 822 omnes
632 784 719 823 authore
741 785 786 823 Deo
809 783 923 823 secundum

113 864 196 892 carnem
214 847 343 890 descendere
361 846 385 885 ab
407 845 482 884 iisdem
499 847 649 896 protoplastis,
666 848 789 898 parentibus
806 847 885 887 Adamo
903 852 924 884 et

111 917 166 953 Eva:
188 925 250 952 unum
265 923 303 948 nos
322 909 400 947 hahere
417 908 565 946 Redemtorem
590 910 664 948 Jesum
686 910 803 956 Christum,
829 910 864 960 qui
882 921 922 946 uno

113 977 225 1025 eodemque
245 972 313 1021 pretio
335 982 374 1008 nos
392 976 499 1008 mercatus
518 977 561 1015 est,
583 977 604 1008 et
625 977 726 1009 nonnum
750 983 846 1009 essemus
867 972 923 1008 inter

112 1049 164 1081 nos,
182 1033 296 1082 sicutipse
312 1038 333 1068 et
346 1032 411 1068 Pater
432 1043 494 1068 uuum
511 1037 572 1075 sunt,
592 1032 659 1080 pridie
674 1034 749 1070 mortis
767 1045 817 1069 suae
836 1032 922 1068 Patrem

109 1097 173 1138 >enine
191 1093 285 1144 rogavit:
303 1104 364 1129 unam
383 1102 463 1141 quoque
478 1103 516 1129 nos
528 1091 606 1130 habere
619 1098 718 1138 matrem,
738 1099 832 1130 sanctam
848 1092 923 1130 Eccle-

105 1158 175 1200 siam,
191 1166 243 1204 quae
255 1154 340 1191 lavacro
359 1153 529 1202 regenerationis
542 1164 580 1189 nos
598 1154 618 1190 in
637 1153 721 1191 Christo
738 1154 830 1203 peperit:
850 1165 874 1191 ac
889 1153 923 1189 de·

112 1217 174 1266 nique
201 1215 225 1253 ad
249 1214 334 1252 eandem
360 1225 398 1250 uos
423 1213 509 1251 tendere
531 1213 691 1259 beatitudinem,
718 1221 738 1252 et
764 1215 850 1252 candem
877 1225 923 1262 spe·
969 1227 974 1237 ·

113 1290 162 1315 rare
190 1276 308 1313 mercedem
333 1274 489 1323 sempiternam.
517 1273 649 1324 Quapropter
679 1283 722 1313 tam
748 1276 819 1313 multis
853 1274 923 1312 causis

113 1337 238 1383 concordiae
257 1343 277 1374 et
289 1335 398 1375 charitatis
413 1334 552 1373 existentibus
569 1337 710 1387 uuusquisque
722 1337 784 1375 facilc
800 1336 923 1380 concludet,

113 1412 152 1438 nec
165 1410 252 1449 aequum
265 1410 322 1443 esse,
338 1408 376 1435 nec
388 1396 508 1441 ferendum,
527 1403 548 1434 ut
560 1396 628 1435 odium
644 1404 664 1435 et
678 1398 777 1436 invidiam
794 1398 814 1435 in
834 1410 857 1434 se
870 1397 924 1434 sinat

113 1472 213 1514 regnare.

187 1517 214 1568 4)
227 1518 329 1568 Quantum
343 1518 367 1557 ad
378 1518 489 1564 invidiam,
507 1518 647 1567 poenitentem
665 1520 685 1557 in
701 1518 825 1568 particulari
836 1531 924 1569 perpen-

114 1583 163 1620 dere
172 1581 258 1630 jubeat:
271 1583 294 1628 a]
308 1579 429 1624 Christiani,
442 1585 462 1616 et
474 1580 575 1630 generosi
587 1580 649 1617 animi
664 1592 724 1624 esse,
743 1580 784 1618 Dei
802 1581 871 1630 potius
889 1580 924 1616 he·

114 1642 239 1692 neplacitum
251 1642 312 1687 velle,
325 1652 385 1689 quam
400 1640 517 1688 proprium3
536 1641 586 1685 imo,
606 1640 625 1677 si
635 1641 694 1690 Deus
706 1641 726 1677 id
737 1642 789 1684 vult,
801 1646 824 1677 ut
836 1641 871 1677 alii
882 1652 924 1677 ma·

110 1702 159 1750 jora
172 1701 224 1738 dona
236 1700 341 1737 naturalia
353 1705 389 1736 aut
400 1700 570 1746 supernaturalia
581 1699 682 1745 habeant,
701 1712 761 1749 quam
775 1712 828 1750 ego,
843 1700 924 1748 justum

115 1774 170 1808 esse,
188 1774 221 1799 me
232 1760 271 1798 hoc
282 1760 351 1811 ipsum
361 1759 450 1797 libenter
469 1759 554 1797 habere.
572 1760 616 1798 Nee
636 1772 683 1797 csse
702 1760 766 1798 debeo
786 1761 841 1798 sicut
858 1760 925 1797 Josue

114 1822 194 1872 Moysis
206 1821 304 1866 famulus,
317 1821 350 1871 qui
362 1819 489 1871 tangebatur
500 1820 584 1866 invidia,
597 1820 650 1871 quod
663 1821 698 1859 alii
710 1820 869 1871 prophetareut3
888 1820 925 1858 sed

114 1884 183 1933 potius
195 1884 251 1921 sicut
261 1883 351 1932 ipsemet
360 1882 454 1930 Moyses,
466 1881 501 1931 qui
512 1882 573 1919 dixit:
586 1882 651 1930 „Quis
663 1882 755 1927 tribuat,
773 1888 796 1919 ut
811 1882 878 1919 omnis
889 1893 925 1931 po·

114 1945 175 1995 pulus
187 1943 298 1995 prophetet
309 1950 330 1981 et
342 1943 376 1981 det
388 1944 418 1980 eis
429 1943 531 1981 Dominus
544 1943 640 1993 spiritum
653 1956 712 1982 suum
721 1943 743 1981 ?'’
751 1940 770 1991 ³]
786 1950 809 1981 ut
821 1955 892 1981 omnes
906 1939 934 1981 et'

116 2008 222 2058 sapientes
234 2006 289 2052 sint,
308 2012 329 2044 et
339 2005 467 2056 prudentes,
487 2018 511 2044 ac
523 2006 600 2052 sancti,
619 2012 640 2044 et
654 2006 749 2044 serviant
767 2018 791 2044 ac
805 2005 926 2058 glorificent

115 2070 189 2109 Deum.
201 2070 245 2108 Nee
258 2081 305 2108 esse
318 2069 382 2108 debeo
394 2068 450 2108 sicut
461 2068 491 2107 illi
502 2068 590 2108 Joannis
605 2070 666 2119 Bapt.
679 2068 788 2119 discipuli,
801 2069 835 2120 qui
846 2068 925 2107 invide-

115 2133 164 2171 bant
177 2131 269 2177 christo,
282 2131 334 2182 quod
346 2131 472 2181 baptizaret,
485 2137 505 2169 et
517 2144 588 2170 omnes
601 2133 685 2171 adeum
696 2132 803 2176 venirent,
822 2131 859 2169 sed
870 2131 926 2169 sicut

115 2194 160 2245 ipsc
172 2194 273 2240 Joauues‚
286 2193 320 2244 qui
331 2192 449 2242 respondit:
463 2192 518 2242 „Qui
528 2193 591 2232 habet
603 2206 700 2244 sponsam
712 2205 800 2243 sponsus
814 2198 859 2238 est,
876 2193 925 2231 arni-

117 2269 154 2295 cus
166 2262 235 2294 autem
246 2255 324 2305 sponsi,
337 2254 371 2305 qui
382 2261 432 2300 stat,
444 2262 465 2293 et
477 2256 534 2302 audit
546 2268 599 2301 eum,
612 2256 688 2307 gaudio
701 2255 779 2306 gaudet
790 2261 877 2304 propter
888 2267 925 2292 vo·

104 2330 160 2356 >cem
172 2317 251 2367 sponsi,
269 2317 308 2355 hoc
324 2328 376 2367 ergo
392 2316 490 2367 gaudium
507 2329 575 2355 meum
586 2317 693 2366 impletum
705 2323 750 2354 est:
769 2316 827 2355 illum
844 2323 926 2367 oportet

115 2391 223 2424 crescere,
235 2391 267 2416 me
280 2384 348 2416 autem
360 2377 425 2415 minui
431 2374 472 2424 4).”
484 2378 509 2424 b]
523 2377 651 2426 Quantorum
663 2378 766 2415 malorum
778 2390 843 2416 causa
855 2378 926 2416 multis

92 2487 95 2492 θ
115 2440 192 2478 invidia
204 2439 280 2485 fuerit,
300 2439 401 2490 colligere
419 2438 471 2476 licet
482 2451 508 2476 ex
519 2438 582 2476 caede
602 2438 674 2483 Caini,
693 2439 812 2477 venditione
831 2439 926 2488 Josephi,

115 2501 262 2549 persecutione
272 2500 361 2537 Davidis
374 2511 385 2536 a
397 2499 469 2544 Saule,
481 2505 548 2537 morte
561 2499 640 2536 Christi
650 2512 689 2549 per
695 2500 793 2537 invidiam
805 2506 926 2550 procurata,

115 2559 156 2597 imo
168 2561 232 2599 totius
244 2561 331 2611 generis
342 2560 427 2597 humani
437 2559 565 2609 perditione,
583 2572 630 2597 uam
644 2560 734 2598 „invidia
747 2560 823 2597 diaboli
840 2560 941 2597 intravit-³

116 2630 173 2656 mors
184 2621 205 2658 in
217 2622 289 2659 orbem
300 2621 419 2658 terrarum”
431 2617 456 2667 ⁵).
470 2623 493 2667 c]
508 2619 565 2668 Quod
576 2620 659 2658 invidus
671 2633 709 2671 per
720 2620 819 2658 invidiam
831 2633 871 2657 non
883 2633 926 2657 mo·

117 2678 142 2714 do
153 2691 198 2717 rem
209 2681 274 2727 illam,
287 2682 312 2719 ob
325 2693 385 2731 quam
396 2681 485 2726 invidet,
504 2692 544 2718 uon
563 2681 639 2731 eripiat
653 2681 728 2726 alteri,
747 2681 784 2718 sed
800 2681 840 2719 sibi
857 2681 926 2730 potius

117 2748 206 2787 corpore
219 2748 240 2779 et
252 2742 320 2781 anima
331 2748 418 2788 noceat:
431 2741 461 2780 uti
472 2742 524 2779 bene
537 2742 560 2780 S.
574 2742 737 2792 ehrysostomus
749 2742 861 2787 indicavit,
880 2742 926 2778 dum

141 2881 157 2922 ¹)
166 2879 219 2915 Libr.
229 2883 247 2915 2.
258 2884 281 2918 de
291 2884 328 2920 tide
342 2896 358 2920 c.
369 2888 387 2920 3.
397 2905 421 2912 --
430 2889 446 2929 ²)
456 2887 520 2921 Serm.
533 2889 576 2922 223.
588 2888 611 2922 de
625 2891 684 2933 temp.
694 2905 718 2913 -
727 2889 743 2929 3)
753 2887 807 2921 Num.
819 2886 852 2919 XI.
863 2887 893 2921 29.
904 2905 927 2911 -

164 2930 181 2971 ⁴)
190 2930 248 2965 toan.
257 2934 291 2967 lll.
301 2936 332 2970 26.
343 2956 364 2961 -
374 2938 390 2979 3)
402 2938 447 2982 Sap.
457 2938 481 2972 ll.
491 2938 533 2982 et„
731 2983 759 3030 18
769 2985 779 3003 ἦ
