2030 3193
827 88 857 132 23

48 208 129 262 placitis
139 219 162 243 se
173 204 335 247 accommodent,
352 214 391 240 non
412 207 454 238 tam
472 202 496 238 ob
514 203 541 247 id,
558 203 610 253 quod
627 201 704 239 eruditi
721 202 763 238 sint
779 202 799 239 iu
815 202 855 247 his,

48 282 100 321 quae
112 267 136 304 de
147 265 280 303 Paenitentia
293 271 313 302 et
325 263 409 302 casibus
423 261 565 300 conscientiae
583 264 669 301 tradunt
683 262 802 309 Doctores,
821 265 858 311 [ad

47 333 86 369 boc
98 327 150 365 enim
163 326 242 364 sufficit
253 324 345 364 nonnihil
360 322 446 374 ingenio
463 322 536 359 valere
552 330 572 361 et
588 325 712 372 memoria),
728 336 788 374 quam
806 324 858 375 quod

48 397 122 430 natum
134 388 250 437 comparati
262 388 304 426 sint
316 387 340 424 ad
352 390 435 423 rectum
448 382 472 420 de
484 383 549 421 rebus
558 384 659 432 judicium
671 385 787 424 ferendum.

343 512 466 566 Prudentia
485 511 564 566 nulla.

121 643 139 696 ξ.
153 640 186 682 16.
199 645 221 680 ln
241 639 348 680 audiendis
367 636 535 675 confessionibus
552 637 628 675 eximia
648 645 668 675 et
689 640 753 678 multa
775 655 857 693 quoque

48 719 99 756 opus
112 711 145 743 est
155 702 271 754 prudentia.
289 701 335 737 Non
351 703 421 735 alitem
438 696 472 735 hio
488 698 570 749 agimus
589 698 614 735 de
631 698 686 737 falsa
701 706 722 737 et
741 701 857 741 adulterina

48 766 164 820 prudentia,
177 776 237 815 quam
248 760 362 811 Apostolus
374 765 437 797 vocat
447 759 590 809 prudentiam
602 762 684 805 curate
698 772 749 811 quae
758 762 808 800 nihil
819 764 859 801 nisi

49 831 159 868 humanum
171 831 193 863 et
207 822 322 872 temporale
339 827 429 870 spectat,
444 821 536 870 propriis
553 822 673 866 commodis,
691 824 789 872 propriae
805 825 859 862 utili-

51 891 88 930 tati
100 897 120 928 ot
131 885 238 927 ambitioni
245 883 327 936 jugiter
339 881 443 934 invigilat,
457 887 518 933 atque
532 882 556 921 ad
574 882 594 922 id
609 881 705 922 humanis
721 885 806 931 mediis,
822 884 859 924 hu·

50 966 108 993 mano
121 949 210 990 artificio
223 946 329 986 adnititur.
342 944 402 984 Haec
414 944 516 997 siquidem
527 945 639 996 prudentia
650 959 708 985 mors
721 954 760 994 est,
772 955 795 987 ut
806 948 860 987 idem

49 1014 161 1066 Apostolus
174 1016 272 1056 testatur,
286 1007 386 1060 quialleo
398 1006 483 1047 inimica
496 1015 535 1048 est.
549 1008 591 1047 Sed
599 1009 703 1060 loquimur
715 1010 739 1048 de
751 1023 804 1050 vcra
816 1011 859 1057 illa,
903 1059 905 1064 Α

50 1088 101 1128 quae
114 1075 224 1112 desursum
236 1078 275 1117 est,
288 1070 417 1109 descendens
430 1083 441 1109 a
452 1070 517 1108 Patre
530 1071 635 1117 luminum,
653 1083 705 1121 quae
722 1078 755 1110 est
769 1073 859 1123 pruden-

50 1139 79 1177 tia
90 1136 185 1186 spiritus,
198 1146 249 1184 quae
260 1133 307 1184 plus
316 1132 438 1171 connnereii
449 1131 513 1171 habet
525 1145 571 1172 cum
584 1133 641 1171 coelo
655 1145 716 1183 quam
731 1146 778 1173 cum
792 1142 858 1181 terra,

50 1206 71 1238 et
83 1197 166 1248 quaein
179 1194 319 1235 conducendis
332 1194 439 1233 animabus
453 1194 477 1233 ad
490 1207 536 1233 cum
548 1195 628 1233 modum
640 1195 731 1246 regitur,
748 1209 786 1247 quo
799 1203 859 1236 utun·

51 1268 83 1299 tm·
96 1265 183 1311 agentes
195 1258 236 1295 iter
247 1270 285 1307 per
296 1256 387 1295 Arabiae
406 1256 536 1302 solitudines,
552 1268 625 1306 nempe
641 1257 771 1297 obseruando
787 1259 860 1298 stellas

50 1321 125 1373 potius,
144 1332 204 1370 (piram
220 1319 325 1371 signatam
343 1318 443 1370 vestigiis
456 1318 551 1357 semitam
562 1330 600 1369 per
618 1331 701 1365 arenas,
713 1320 815 1359 fluctuum
830 1320 861 1358 in·

51 1390 103 1429 star,
115 1382 184 1420 ventis
193 1381 288 1430 jactatas
301 1386 362 1429 atque
375 1380 480 1418 confusas.

123 1443 147 1482 Si
158 1443 268 1493 prudentia
279 1442 299 1480 in
312 1453 391 1493 genere
409 1441 507 1481 consistit
524 1441 545 1479 in
561 1442 661 1480 facultate
676 1443 801 1493 optimorum
817 1455 859 1482 me·

51 1507 130 1545 diorum
143 1505 232 1543 adfines
245 1503 403 1553 consequendos
416 1503 572 1554 eligendornm3
587 1504 622 1541 ille
635 1504 762 1543 solummodo
778 1505 860 1543 confes·

51 1567 119 1605 sarius
138 1567 230 1615 prudens
248 1565 347 1603 dicendus
366 1571 405 1610 est,
424 1565 458 1615 qui
478 1565 578 1603 facultate
596 1565 667 1614 pollet,
683 1566 814 1615 poenitentes
831 1566 861 1604 ita

52 1628 161 1673 tractandi,
173 1627 253 1665 utfinis
265 1626 326 1675 hujus
342 1626 410 1664 sancti
428 1625 492 1664 olfioii
508 1626 633 1664 obtineatur.
650 1626 709 1664 riuis
724 1639 775 1665 vero
791 1628 860 1666 nullus

52 1690 103 1728 alius
116 1695 155 1734 est,
169 1701 228 1739 quam
240 1688 310 1739 gloria
320 1687 362 1724 Dei
374 1693 395 1725 et
406 1688 464 1725 salus
477 1687 600 1732 ultimarum,
612 1688 632 1724 in
649 1699 708 1737 quem
724 1689 786 1726 finem
802 1689 860 1728 colli·

51 1757 106 1789 niem
118 1751 186 1789 omnia
198 1750 316 1788 sacerdotis
333 1749 454 1794 cortaiuina;
475 1748 527 1799 quod
544 1755 593 1787 tuno
613 1755 692 1787 tantum
709 1750 756 1788 fieri
773 1750 859 1800 poterit,

51 1812 85 1850 ubi
103 1812 229 1862 specialibus
246 1810 358 1859 cujuslibet
373 1810 494 1861 indigentiis
511 1811 729 1849 aeeonnnodatissima
744 1811 862 1850 adbibuerit

51 1874 124 1911 irradia.
137 1874 190 1910 llam
202 1872 285 1910 etiamsi
296 1871 406 1921 prudentia
417 1871 469 1910 hace
482 1872 569 1910 eundem
581 1884 664 1922 semper
676 1873 737 1910 finem
750 1873 790 1911 sibi
797 1885 858 1923 prae·

51 1935 113 1972 lixum
124 1934 207 1979 habeat,
219 1946 256 1983 pro
269 1933 353 1971 diversa
368 1940 436 1970 tamen
454 1933 603 1982 poenitentium
620 1933 689 1972 indole
707 1940 727 1971 et
743 1934 861 1973 conditione

51 1995 206 2033 diversissimas
219 1995 298 2038 foriuas
310 1994 376 2032 induit
389 1994 413 2031 ad
426 1995 541 2043 exetnplum
552 1995 648 2043 Apostoli
663 1995 761 2033 dicentis:
777 1995 861 2035 „Omni-

51 2057 89 2094 bus
102 2055 169 2094 onmia
181 2056 250 2094 faetus
263 2068 315 2101 sum,
328 2061 351 2092 ut
362 2067 436 2092 cltlnes
448 2055 541 2093 facerem
555 2055 639 2093 salvos’'
655 2054 680 2102 ¹).

123 2117 218 2155 Dicimus
231 2116 362 2155 confessario
374 2116 473 2153 virtutem
484 2115 538 2155 hane
552 2116 639 2154 inaximo
652 2118 859 2162 ossouooessauan,

52 2185 94 2215 tum
106 2177 131 2215 ad
142 2177 182 2215 rite
195 2178 289 2215 obeunda
301 2176 371 2215 officia
382 2177 495 2214 ministerii
506 2178 539 2214 sui
549 2177 643 2226 propria,
661 2184 704 2215 tum
722 2179 747 2216 ad
762 2178 861 2216 vitandos

50 2239 170 2276 innumeros
187 2251 251 2288 prope
267 2238 372 2283 defectus,
390 2237 430 2287 qui,
446 2238 487 2274 nisi
503 2238 613 2287 prudentia
627 2239 749 2277 moderetur
762 2251 793 2284 ea,
809 2251 861 2289 quae

52 2299 133 2350 agenda
144 2306 199 2345 sunt,
225 2299 348 2350 saepissime
371 2299 528 2337 inceurruntur.
548 2299 613 2350 „Sine
631 2300 707 2337 lumine
725 2299 861 2338 discretionis

51 2360 147 2406 incurrit,
160 2361 194 2411 qui
206 2360 293 2406 encrit‚”
308 2360 336 2398 alt
348 2360 371 2398 S.
382 2360 512 2398 Bernardns.
526 2359 583 2398 Sane
597 2361 708 2410 prudentia
726 2373 777 2411 opus
797 2361 860 2399 estin

52 2422 209 2472 quaestionibus
225 2421 339 2473 ponendis,
362 2422 436 2472 quibus
452 2427 552 2472 peccator
569 2421 730 2472 interpellatur3
747 2423 767 2461 in
783 2423 861 2462 iustru-

53 2484 155 2523 ctionibus
168 2491 188 2523 et
205 2484 383 2524 adhortationibus
395 2491 437 2523 tam
448 2484 590 2537 generalibus,
606 2496 667 2535 quam
685 2485 811 2536 specialibus
827 2496 861 2524 cu·

48 2545 117 2596 jusvis
128 2547 198 2593 indoli,
218 2548 288 2594 aetati,
306 2547 370 2586 statui
385 2547 513 2599 reliquisque
530 2547 652 2599 indigentiis
668 2548 761 2599 apprime
778 2549 860 2588 adcom-

35 2640 36 2643 ,
52 2609 150 2656 modatis;
162 2609 183 2648 in
195 2610 376 2649 satisfactionibus
387 2621 425 2660 pro
438 2610 537 2660 qualitate
551 2609 661 2649 erimirmm
673 2616 694 2648 et
709 2610 860 2661 poenitentium

53 2669 151 2709 facultate
165 2679 278 2722 „quantum
290 2671 376 2722 spiritus
389 2677 409 2709 et
419 2672 529 2721 prudentia
535 2671 683 2724 suggesserit'’
696 2672 826 2710 salutaribus
842 2678 862 2715 et

54 2732 224 2771 convenientibus
241 2733 387 2786 injungendis3
409 2745 433 2771 ac
456 2734 543 2784 denique
557 2734 578 2772 in
596 2734 727 2772 absolutione
744 2734 811 2772 danda
826 2738 860 2770 aut

54 2791 166 2842 differenda
179 2801 214 2833 ant
226 2795 354 2847 deneganda.
367 2817 396 2822 —-
409 2794 463 2833 Sunt
475 2802 496 2834 et
507 2795 548 2833 alia
560 2795 631 2840 umba,
643 2796 678 2834 ubi
696 2807 747 2846 opus
764 2802 796 2833 est
813 2804 860 2843 prn-

62 2876 255 2887 Q—

80 2911 94 2955 1)
109 2914 122 2946 l.
135 2915 179 2949 Cor.
194 2917 227 2949 IX.
242 2918 272 2950 22.
