2056 3193
156 83 202 129 234

155 200 230 238 solent.
241 201 283 239 Per
295 200 425 249 frequentem
438 200 492 236 enim
504 206 525 236 et
535 201 590 249 piam
602 199 756 239 confessionem
768 214 792 240 co
805 202 926 246 eluctemur,
938 206 961 238 ut

156 269 216 300 aucto
228 266 368 309 renovatoque
380 260 449 297 studio
461 260 520 298 nobis
532 260 680 313 invigilemus,
700 267 720 297 et
734 269 757 299 ut
768 263 826 301 labes
839 268 960 301 contractae

155 334 202 359 nrox
213 322 288 357 iterum
301 319 446 370 detergantur.
464 321 512 358 Jam
527 322 573 371 ipsa
586 327 721 370 peccatorum
737 323 839 370 expositio
852 329 872 360 et
883 323 959 359 saluta-

155 382 184 417 ris
196 380 284 416 tristitia
296 387 386 416 mentem
397 381 505 429 providam
522 382 602 425 reddit,
619 392 696 429 pravas
715 382 837 418 affectiones
856 383 959 426 debilitat,

153 450 270 489 pravosque
284 438 368 477 habitus
386 441 444 478 velut
462 441 549 479 arbores
566 441 649 488 saepius
671 440 835 488 transplantatas
853 454 893 479 non
910 442 959 480 sinit

154 501 206 538 altas
218 500 239 537 in
255 501 302 538 sinu
318 501 387 540 cordis
403 503 472 540 nostri
486 515 551 555 agere
563 500 657 546 radices,
675 507 696 539 et
710 501 729 538 si
740 513 791 551 quas
805 501 914 541 inchoatas
929 504 959 541 in-

152 563 233 611 veniat,
251 564 329 604 sensim
345 565 421 605 evellit.
438 566 505 605 Porro
521 566 556 618 qui
570 564 666 606 crebrius
682 563 814 605 confessione
826 574 959 607 sacrantem

153 633 200 673 tur,
212 640 309 679 magnam
321 629 360 666 sibi
372 629 412 678 ipsi
424 636 545 678 oonrparant
556 629 679 667 facilitatem
690 627 838 667 examinandae
851 631 959 669 conscien-

153 688 205 733 tiae,
230 689 392 738 seeurioresque
418 696 466 727 sunt
488 689 605 734 adhibitae,
627 702 679 739 qnae
701 690 806 740 exigitur,
830 688 958 740 diligentiae.

154 750 300 798 „Comparatio
315 750 378 787 dilata
392 751 456 788 multa
467 751 519 789 facit
530 750 649 795 oblivisci,”
666 750 695 788 ait
711 751 733 789 S.
745 750 874 788 Bernardns.
892 752 958 791 Acce·

153 809 203 847 dunt
221 811 309 854 uronita,
327 811 414 849 consilia
428 817 449 848 et
467 811 625 849 adhortamenta
643 811 779 856 confessarii;
797 817 818 848 et
832 813 960 859 praesertim

153 870 224 920 gratia
240 870 319 916 divina,
338 870 396 918 cujus
408 883 462 908 nova
477 884 561 920 semper
573 878 685 921 augmenta
695 871 822 920 recipimus,
838 877 912 908 contra
922 871 959 908 ho-

153 931 217 967 stium
232 930 318 967 insidias
336 931 437 969 invictum
455 932 514 969 nobis
529 932 594 969 robur
609 931 734 981 suppeditat.
757 931 872 968 Notissima
887 937 919 968 est
931 931 959 968 si·

153 990 245 1028 militudo
258 1003 270 1028 a
282 991 377 1028 conclavi
388 997 463 1029 sumta.
474 992 563 1029 Etiamsi
575 992 649 1030 sordes
657 992 769 1043 graviores
781 991 826 1028 fors
838 997 959 1036 arceantur,

153 1058 250 1103 quantum
272 1057 341 1101 tamen
359 1053 451 1102 pulveris
469 1053 525 1091 illius
541 1053 672 1103 parietibus,
689 1052 774 1091 scriniis
792 1058 852 1103 etque
870 1052 958 1102 picturis

153 1128 192 1154 non
205 1121 284 1154 tantum
296 1115 406 1169 adspergi,
419 1115 455 1155 sed
468 1116 530 1156 etiam
540 1115 633 1156 insidere
645 1122 666 1156 et
678 1116 830 1156 adhaerescere
843 1114 958 1162 consucvit,

154 1179 172 1217 si
183 1178 235 1217 bace
248 1178 316 1217 omnia
327 1179 410 1217 nonnisi
420 1180 530 1218 rarissime
542 1179 677 1218 mundantur!
690 1179 756 1229 Quam
766 1192 817 1218 vcro
830 1179 913 1218 diversa
924 1191 958 1217 re·

152 1252 199 1277 rum
217 1240 293 1284 facies,
311 1242 330 1278 si
348 1242 413 1278 omnis
431 1242 571 1279 immundities
587 1254 635 1279 mox
652 1242 729 1279 iterum
743 1241 887 1291 abstergitur!
905 1239 958 1289 Qua·

152 1307 238 1349 propter
250 1313 290 1338 non
303 1302 369 1338 solum
380 1302 470 1350 relapsis
481 1303 502 1339 in
514 1303 602 1339 mortale
613 1308 724 1351 peccatum
741 1301 867 1339 suadendum
879 1307 920 1346 est,
937 1307 960 1338 ut

153 1361 198 1397 sine
210 1373 270 1398 mora
281 1373 329 1398 sese
340 1373 468 1411 praeparare
481 1369 580 1412 satagant
595 1362 620 1399 ad
636 1362 796 1399 Sacramentum
814 1361 959 1398 Poenitentiae

154 1420 286 1469 ejusdemque
298 1421 389 1459 fructum
402 1422 467 1458 denuo
480 1422 645 1471 percipiendum,
658 1422 694 1459 sed
707 1421 769 1458 etiam
780 1422 801 1457 in
813 1421 859 1458 sola
869 1420 959 1458 venialia

152 1481 295 1518 relabentibus
307 1481 381 1518 merito
395 1482 521 1527 consulitur,
537 1489 561 1519 nt
573 1493 646 1531 caper
658 1481 790 1531 frequentem
805 1480 958 1518 confessionem

153 1542 327 1580 sacramentalem
340 1542 426 1592 expiare
438 1543 480 1581 sint
491 1543 577 1582 solliciti
586 1541 611 1590 1).

229 1604 283 1644 Dum
303 1611 370 1644 autem
394 1605 557 1658 frequentiorem
576 1604 709 1645 Sacramenti
731 1603 875 1644 Poenitentiae
899 1615 959 1642 usum

152 1669 305 1719 poenitentibus
318 1669 451 1716 consulimus,
465 1670 573 1710 consilium
584 1669 623 1708 hoc
636 1668 711 1720 spiritu
722 1668 856 1707 discretionis
874 1673 895 1706 et
909 1679 958 1718 pru·

153 1731 234 1770 dentiae
245 1738 341 1783 regatur.
359 1733 387 1769 Et
398 1733 478 1782 quidem
497 1735 520 1780 a)
539 1732 670 1770 conditionis
686 1731 835 1781 poenitentium
852 1733 959 1769 externae

151 1793 254 1829 rationem
266 1792 344 1830 habere
356 1800 447 1840 oportet,
458 1806 484 1830 ne
496 1794 540 1830 fors
553 1793 623 1829 officia
634 1793 751 1842 negligant,
771 1804 822 1841 quae
834 1792 855 1829 vi
866 1790 958 1827 muneris

153 1853 264 1900 adimplere
277 1852 403 1902 obligantur.
417 1852 457 1900 Qui
467 1854 534 1903 igitur
545 1852 615 1889 multis
627 1852 720 1889 muneris
733 1851 765 1888 sui
775 1851 882 1888 laboribus
897 1861 958 1887 occu·

152 1912 200 1960 pati,
212 1911 334 1961 frequenter
353 1912 513 1950 Sacramentum
524 1912 680 1955 Poenitentiae,
698 1918 731 1955 et,
747 1911 800 1959 quod
818 1909 959 1958 consequitur,

152 1971 193 2010 SS.
205 1971 352 2010 Eucharistiae
364 1973 474 2022 percipere
487 1972 577 2022 cupiunt,
590 1971 698 2021 temporis,
714 1970 766 2021 quod
778 1970 853 2008 officiis
865 1969 909 2006 suis
925 1969 958 2006 ad·

150 2032 259 2084 implendis
271 2033 391 2083 impendere
404 2039 493 2084 oportet,
510 2034 613 2071 rationem
624 2032 678 2070 inire
697 2032 781 2078 debent,
800 2044 847 2069 num
861 2030 960 2068 videlicet

151 2097 259 2136 subtracto
271 2096 373 2148 temporis
385 2096 452 2149 spatio
465 2096 490 2136 ad
502 2096 641 2136 Sacramenta
654 2095 749 2135 crebrius
762 2093 912 2147 frequentanda
923 2105 958 2132 ne·

151 2160 252 2207 cessario,
265 2160 398 2199 nihilominus
411 2160 487 2199 officiis
500 2160 543 2198 suis
556 2160 681 2199 satisfacere
693 2159 783 2198 valeant.
801 2158 859 2197 Unde
878 2157 959 2196 confes-

150 2223 227 2268 sarius,
240 2223 259 2260 si
270 2223 401 2273 frequentem
412 2235 472 2261 usum
484 2222 544 2272 lmjus
557 2222 691 2261 Sacramenti
702 2222 801 2267 suadeat,
821 2220 959 2259 conditionem

150 2284 275 2332 poenitentis
288 2284 420 2328 consideret,
438 2291 487 2333 puta
505 2284 656 2321 nniltitudinem
674 2283 821 2334 negotiorum,
839 2293 911 2320 curam
928 2280 960 2316 rei

152 2343 284 2387 domesticae,
298 2344 394 2391 adjuncta
404 2345 499 2381 locorum
511 2343 591 2392 aliaque
602 2343 759 2392 impedimenta,
776 2354 827 2391 quae
840 2354 851 2378 a
862 2342 959 2388 frequen-

151 2403 199 2438 tiori
211 2402 343 2439 confessione
355 2409 463 2440 excusant.
481 2404 506 2449 b)
518 2403 603 2439 Pariter
622 2402 647 2439 ad
665 2403 753 2438 aninnnn
771 2402 878 2438 referatur
889 2399 958 2446 poeni·

151 2461 238 2498 tentium
249 2460 336 2500 indoles
347 2464 442 2500 heterna.
455 2463 532 2500 Mentis
546 2461 648 2512 animique
659 2461 740 2499 indoles
752 2461 837 2498 diversa
855 2458 959 2496 diversam

151 2522 218 2574 exigit
230 2522 372 2569 directionem,
385 2524 443 2569 adeo,
455 2530 484 2569 ut,
497 2523 515 2561 si
526 2522 578 2561 haec
589 2534 629 2561 non
642 2522 766 2568 attendatur,
779 2521 856 2571 optima
868 2531 959 2570 quaeque

152 2585 246 2633 consilia,
258 2587 356 2639 quinimo
368 2593 482 2638 praecepta
494 2586 518 2626 de
530 2586 669 2639 frequentiori
679 2585 822 2626 Poenitentiae
833 2596 879 2630 usu,
891 2582 960 2623 obsint

150 2649 231 2700 potius,
250 2662 308 2700 quam
319 2651 402 2701 prosint
412 2650 537 2701 perfectioni
549 2650 695 2701 acquirendae.
713 2650 779 2688 Prout
796 2647 862 2699 igitur
873 2647 959 2686 moralis

150 2710 240 2751 conditio
252 2712 376 2761 poenitentis
388 2714 444 2758 fert,
463 2720 498 2751 aut
515 2713 617 2763 postulat,
636 2711 767 2763 frequentior
780 2709 884 2749 confessio
904 2722 959 2748 com-

174 2858 189 2896 1]
200 2855 239 2888 Gfr.
250 2854 287 2887 Dic
304 2854 382 2895 Beicht,
398 2858 447 2889 Eine
464 2856 684 2889 historisch-krttische
701 2856 849 2897 Untersuohung
866 2865 905 2888 von
923 2857 957 2888 Dr.

198 2903 292 2936 Heinrich
301 2902 356 2934 che.
365 2904 470 2936 Frankfurt
479 2914 497 2937 a.
505 2905 533 2936 M.
545 2906 599 2937 1829.
609 2905 630 2936 S.
640 2904 745 2936 280—281.
754 2903 858 2935 283-28'4.
