2017 3193
852 100 895 144 aot

85 226 159 271 geret,
176 224 199 255 nt
210 223 259 267 post
271 217 375 265 expletum
386 216 527 268 poenitentiae
540 217 628 256 stadium
640 216 832 256 reconciliarentur
847 228 895 265 poe-

83 280 188 324 nitentes,
204 285 265 316 vetus
281 278 342 316 etiam
360 278 459 317 Ecclesia
476 279 546 316 multis
561 280 581 316 in
597 279 681 317 casibus
701 278 762 317 aliter
774 290 797 314 se
816 276 895 327 gessit,

83 354 102 379 v.
111 339 290 392 g.recorrciliabat
301 342 434 390 poenitentes
442 344 489 376 ante
502 340 761 389 expletampoenitentiam
773 341 796 386 a]
809 344 895 388 propter

82 402 165 440 libellos
177 401 282 451 supplices
294 408 416 450 nrartyrum,
428 400 454 446 b)
467 411 514 436 eum
525 400 545 435 in
557 399 613 436 vitae
626 400 737 439 discrimen
749 401 858 445 venirent,
871 401 894 445 c]

83 462 163 514 quando
178 462 270 501 instabat
283 463 414 514 persecutio,
432 459 512 511 qnando
528 471 554 497 ex
565 459 649 497 haeresi
660 462 692 497 vel
705 462 821 500 schismate
840 461 893 498 alios

83 536 154 563 secum
167 525 191 562 ad
202 525 319 563 Ecclesiam
335 523 475 566 reducebant,
493 527 514 559 et
526 521 604 571 quando
624 521 732 571 poenitens
749 524 893 561 vehementem

83 586 107 623 de
125 585 220 635 peccatis
238 587 282 625 suis
301 587 394 624 dolorem
410 589 430 621 et
452 583 582 634 singularem
598 582 618 620 in
637 582 776 631 poenitentiae
795 586 892 633 operibus

81 648 209 699 peragendis
221 648 327 686 fervorem
339 645 496 684 demonstrabat
504 643 529 691 ¹).
541 644 619 682 Merito
631 643 679 681 hinc
693 643 801 681 damnatae
814 652 834 682 et
844 658 892 695 pro-

83 708 175 759 scriptae
187 716 235 748 sunt
247 710 342 747 duriores
355 706 517 756 asperioresque
530 705 648 743 sententiae
660 705 754 749 illorum,
768 705 801 755 qui
813 705 893 744 Christi

81 769 130 822 lege
147 770 263 809 institutum
281 770 365 814 ferunt,
382 773 405 805 ut
418 767 547 817 poenitentia
563 766 689 805 absolutioni
700 773 795 816 praeeat,
813 778 837 804 ac
855 768 892 804 mi-

82 842 121 870 nus
141 833 230 882 probant
248 843 303 876 eam,
321 841 373 880 quae
389 841 443 866 nunc
455 829 524 880 viget,
542 828 686 878 disciplinam,
703 840 813 878 perquam
832 828 891 866 abso-

82 892 131 931 lutio
146 893 312 931 satisfactionem
325 890 445 928 antevertit.
459 891 562 927 Errorem
573 889 627 927 hunc
640 889 764 927 damnarunt
774 889 893 927 Alexander

82 953 139 992 VIII.
152 955 175 993 S.
187 955 211 992 P.
223 966 242 991 11.
258 949 292 992 td.
306 949 340 991 ll.
355 947 389 990 18.
406 951 462 989 inter
473 951 629 1001 propositiones
644 951 788 1001 proscriptas,
807 957 827 988 et
846 952 892 989 Cle-

81 1028 140 1054 mens
151 1017 188 1055 XI.
200 1015 220 1052 in
231 1015 304 1052 Bulla:
323 1012 463 1064 „UnIgenitus
478 1012 539 1050 Dei.’⁷
553 1011 620 1061 „Quia
639 1012 757 1050 satisfactio
772 1013 815 1061 jam
828 1013 893 1050 estin

81 1077 197 1115 intentione
214 1075 393 1125 poenitentis...
407 1102 412 1111 .
430 1080 540 1124 antequam
551 1086 575 1111 re
586 1074 633 1123 ipsa
647 1075 768 1124 impleatur,
784 1074 892 1125 integrum

83 1139 243 1177 Sacramentum
261 1143 303 1182 est,
321 1143 342 1174 ct
359 1135 465 1185 paullathu
484 1135 509 1173 ad
524 1135 640 1186 perfectam
654 1136 799 1187 integritatem
817 1136 891 1185 perdu-

83 1200 148 1244 citur,
166 1211 213 1237 eum
223 1198 259 1237 illa
271 1197 413 1248 persolvitur'’
422 1194 448 1244 ²).
467 1195 565 1245 Quamvis
578 1204 646 1235 autem
654 1198 715 1246 juxta
726 1197 839 1235 hodiernae
851 1199 891 1236 Ec·

83 1257 162 1299 elesiae'
174 1260 250 1310 praxin
268 1259 371 1298 absolutio
386 1258 518 1307 impertiatur
534 1265 580 1296 ante
593 1260 697 1309 expletam
716 1258 891 1304 satisfactionem,

82 1323 150 1360 sciant
168 1328 237 1360 tamen
253 1321 385 1365 sacerdotes,
402 1321 479 1357 nullum
492 1320 584 1358 existere
596 1321 707 1359 Ecclesiae
719 1321 840 1359 decretum:
853 1333 890 1371 quo

81 1383 227 1433 prohibeatur,
244 1396 269 1421 ne
280 1395 368 1433 unquam
380 1381 499 1419 satisfactio
510 1382 626 1431 poenitenti
636 1382 757 1434 injungatur
770 1389 818 1420 ante
831 1383 890 1420 abso-

81 1444 180 1482 lutionem
195 1444 305 1494 implenda.
317 1444 399 1496 Igitur,
417 1443 436 1480 si
449 1443 576 1492 poenitentis
592 1444 732 1482 emendationi
750 1449 770 1481 et
791 1444 854 1481 saluti
871 1444 891 1481 id

82 1506 179 1556 expedire
193 1506 349 1554 judicaverint,
366 1510 453 1554 possunt
472 1504 592 1554 aliquando,
610 1512 720 1555 antequam
739 1505 891 1542 absolutionem

81 1567 211 1616 impertiant,
226 1566 393 1605 satisfactionem
411 1565 532 1616 iujungere,
551 1572 572 1603 et
583 1566 688 1614 injunctae
705 1567 829 1604 solutionem
848 1567 891 1604 exi·

81 1640 140 1679 gere.
158 1627 197 1676 Qui
211 1640 273 1666 sacro
288 1627 388 1665 tribunali
407 1626 531 1676 frequenter
547 1626 651 1672 assident,
671 1633 747 1665 norunt
765 1639 844 1678 graves
862 1628 892 1665 ita

81 1689 157 1739 agendi
168 1701 243 1727 causas
260 1701 301 1726 nou
312 1701 362 1726 raro
375 1699 503 1732 occurrere,
518 1701 537 1725 v.
554 1702 575 1739 g.
592 1689 611 1726 si
625 1690 735 1738 poenitens
747 1689 824 1726 vitiosa
842 1702 891 1739 pec·

81 1750 141 1788 candi
153 1750 301 1788 consuetudine
313 1750 341 1787 sit
352 1749 484 1798 impIIcatus,
502 1749 521 1786 si
539 1749 687 1798 poenitentiam
704 1751 725 1788 in
746 1750 792 1788 aliis
809 1751 891 1788 confes-

80 1811 173 1849 sionibus
194 1812 308 1860 injunctam
329 1810 454 1861 neglexerit.
477 1810 500 1847 Id
516 1822 590 1848 verum
608 1812 706 1863 agnoseit
728 1811 750 1849 S.
768 1812 891 1849 Bernardus

81 1878 102 1910 et
118 1873 206 1911 mirifice
225 1886 270 1911 rem
284 1873 387 1910 illustrat:
405 1870 482 1911 „Sicut
497 1878 545 1909 sunt
562 1879 650 1922 peccata
663 1873 760 1918 minima,
780 1879 828 1911 sunt
848 1886 890 1912 mc·

81 1934 167 1979 diocria,
195 1941 243 1972 sunt
261 1940 282 1972 et
298 1946 384 1985 magna,
408 1932 439 1970 sic
459 1938 479 1970 et
497 1934 562 1983 (apud
578 1935 658 1981 Deum)
675 1934 822 1973 misericordia
842 1947 891 1984 par-

80 2006 119 2039 va,
139 1994 252 2033 mediocris
275 2002 296 2033 ct
316 1991 439 2046 nragna’'³].
464 1993 521 2033 Unde
545 1995 649 2034 concludit
672 1996 692 2033 in
717 1995 772 2034 hunc
797 1996 891 2034 modum:

82 2055 187 2106 „Magnus
206 2063 253 2094 erat
268 2063 378 2105 peccator,
390 2067 467 2106 magna
487 2056 633 2094 irriserieordIa
646 2069 696 2106 opus
715 2056 790 2101 habet,
807 2064 840 2102 ut,
857 2057 892 2095 ubi

81 2117 192 2155 abundavit
204 2118 315 2164 delictum,
333 2117 490 2166 superabundet
502 2123 523 2154 et
534 2117 625 2168 gratia.''
638 2118 762 2157 -Idcirco
774 2131 813 2156 rex
824 2119 892 2156 David

79 2185 128 2227 post
140 2178 239 2216 adulterii
246 2179 351 2230 flagitium
361 2179 429 2215 Deum
441 2184 517 2228 rogat:
532 2179 650 2217 „hijserere
659 2180 700 2217 mei
713 2180 891 2217 Deussecundum

80 2251 177 2291 magnam
188 2240 355 2281 misericordiam
367 2239 445 2276 tuam.’⁷
457 2239 517 2277 Hane
532 2247 601 2277 autem
613 2253 710 2292 magnam
725 2240 891 2279 misericordiam

80 2311 120 2341 nou
132 2301 224 2353 largitur
235 2302 294 2338 Deus
309 2299 391 2351 magula
403 2300 551 2349 peccatoribus
564 2301 609 2339 sine
621 2302 760 2351 praecedente
778 2302 835 2340 luctu
854 2315 890 2353 ge-

80 2361 182 2413 mituque,
194 2374 233 2400 nec
244 2362 289 2399 sine
301 2363 366 2399 multa
377 2361 519 2410 poenitentiae
532 2362 696 2407 exercitatione,
716 2363 827 2414 flagitante
839 2362 891 2401 hane

80 2424 221 2461 oeconomiam
234 2423 318 2472 justitia
332 2422 383 2466 Dei,
400 2428 423 2459 ut
439 2434 449 2458 e
465 2421 557 2460 Concilio
574 2423 698 2461 Tridentino
718 2436 789 2461 sumus
809 2425 890 2463 edocti:

81 2484 125 2522 „Ad
138 2497 198 2535 quam
210 2491 278 2522 tamen
290 2484 405 2522 novitatem
417 2490 438 2521 et
448 2483 594 2535 iutegritatem
612 2496 650 2533 per
663 2484 824 2523 Sacramentum
837 2486 890 2523 Poe-

79 2544 180 2583 nitentiae
198 2546 243 2584 sine
258 2546 341 2597 magnis
356 2545 435 2583 nostris
447 2545 532 2583 fletibus
549 2551 570 2583 et
584 2546 702 2591 laboribus,
720 2547 789 2584 divina
808 2547 829 2584 id
848 2547 891 2584 exi-

79 2612 143 2653 gente
150 2606 246 2655 justitia,
262 2607 374 2657 pervenire
385 2618 515 2656 nequaquam
526 2605 685 2656 possunrus''⁴].
702 2610 730 2645 Et
750 2620 801 2645 sane
812 2608 891 2645 rationi

79 2670 113 2701 est
124 2679 212 2714 prorsus
225 2675 400 2713 consentaneum,
412 2675 436 2705 ut
448 2668 472 2705 ad
483 2668 616 2717 Impetranda
628 2669 690 2706 aDeo
703 2682 793 2719 magnae
806 2669 889 2706 miseri-

83 2759 262 2775 -ξ--ι-η

103 2820 118 2852 ¹]
129 2819 213 2857 Consule
225 2825 323 2859 hlorInum
339 2826 362 2860 de
374 2826 448 2859 Poenit.
457 2824 500 2858 libr.
510 2827 528 2858 9.
539 2834 556 2858 e.
568 2827 596 2859 lh.
607 2843 630 2849 -—
639 2828 655 2867 2)
665 2826 708 2859 Nat.
724 2826 780 2860 Alex.
796 2825 890 2868 Theolog.

127 2876 176 2900 mor.
186 2870 229 2903 libr.
239 2875 258 2907 2.
269 2883 285 2907 c.
295 2877 313 2907 6.
324 2878 360 2907 art.
371 2876 388 2907 6.
397 2883 438 2917 reg.
451 2877 468 2907 3.
479 2892 501 2898 ν
511 2873 526 2915 ³)
541 2874 604 2906 Serm¹
615 2875 637 2907 de
647 2875 709 2917 Tripl.
719 2875 858 2908 misericordia.
867 2892 887 2897 —-

126 2917 143 2957 4)
153 2916 209 2949 Sess.
219 2920 270 2954 XIV.
281 2932 322 2965 cap.
332 2926 351 2957 2.
361 2924 385 2956 de
394 2923 466 2966 poenit.
