2056 3193
454 180 691 253 vaputL

168 306 208 354 De
211 304 350 369 principiis
361 307 523 368 personalibus
538 308 607 354 circo
621 304 794 369 coofhssiooem
807 305 975 356 observandis.

524 447 617 500 Divisio.

246 569 264 622 ξ.
278 568 313 609 bl.
332 574 438 621 Respecto
456 571 525 608 habito
545 572 569 608 ad
587 571 712 621 poenitentis
732 573 886 612 confessionem
904 586 975 613 sacra-

167 632 278 670 mentalem
291 632 434 671 confessarius
446 639 539 670 tenetur:
558 635 581 681 a]
600 633 749 683 poenitentium
763 634 907 673 confessiones
920 636 975 674 exci-

167 706 229 742 pere3
242 695 266 742 h]
274 696 404 743 poenitentes
414 694 533 732 examinare
543 702 578 732 aut
584 695 719 747 interrogare
728 711 733 741 ;
747 697 769 743 c)
779 695 862 734 eosdem
870 698 976 736 instruere

168 767 191 793 ac
211 767 309 800 monere,
335 768 373 794 nec
392 768 432 794 non
451 756 544 795 consiliis
564 757 668 805 adjuvare.
692 757 779 806 Triplex
798 757 850 795 haec
868 758 976 809 obligatio,

168 828 227 866 qnam
240 816 306 854 tribus
323 817 417 856 articulis
437 817 644 867 comprehendimus,
664 818 756 856 ordinem
775 818 909 857 dicendorum
929 833 976 858 con-

167 878 241 916 stituit.

441 1012 660 1051 articulus
686 1015 706 1050 Ι.

340 1103 373 1140 De
381 1102 528 1152 poeniteoiiom
539 1101 667 1154 confessione
677 1102 804 1153 eoccipieodo.

200 1220 313 1292 obligatio
328 1222 464 1278 confessarii
477 1224 619 1292 specificam
632 1224 757 1293 excipiendi
771 1223 945 1277 confessionem.

245 1346 263 1400 ξ.
276 1344 312 1387 68.
325 1350 435 1388 Confessio
448 1351 607 1389 sacramentalis
620 1357 653 1388 051
664 1350 770 1388 0001150110
783 1356 917 1399 peccatorum
930 1362 977 1387 suo-

167 1421 214 1447 rum
227 1416 275 1458 post
286 1410 411 1461 baptismum
424 1412 591 1458 commissorum,
604 1424 615 1450 a
627 1411 746 1461 poenitente
758 1412 865 1449 sacerdoti
877 1411 940 1456 facta,
953 1407 989 1448 ad⁷

168 1483 240 1508 eorum
264 1473 411 1511 remissionem
429 1479 450 1511 01
465 1474 548 1511 veniam
572 1474 651 1511 virtute
669 1472 807 1511 absolutionis
826 1485 863 1511 5011
889 1473 977 1511 clavium

167 1532 277 1570 Ecclesiae
295 1535 433 1573 obtinendam.
452 1535 536 1573 Dicitur
554 1538 676 1585 accusatio,
697 1534 792 1585 quoniam
810 1541 883 1572 1105110
901 1534 978 1572 delicta

167 1606 207 1631 non
218 1594 248 1631 ita
260 1596 441 1634 commemoranda
452 1603 513 1642 sunt,
532 1597 592 1647 quasi
603 1596 676 1634 otiosis
696 1596 824 1633 auditoribus
837 1609 881 1633 rem
894 1602 977 1646 gestam

167 1667 310 1702 narraremus,
323 1657 359 1695 sed
372 1658 504 1697 accusatorio
517 1658 584 1696 animo
592 1658 621 1696 ita
631 1664 680 1695 sunt
692 1657 838 1702 emnneranda,
851 1663 874 1694 ut
882 1669 906 1694 ea
915 1657 977 1694 etiam

166 1717 187 1753 in
202 1717 262 1755 nobis
274 1718 380 1757 vindicare
396 1720 502 1769 cupiamus
513 1718 538 1767 ¹).
557 1719 613 1757 Fieri
624 1719 685 1757 debet
696 1718 814 1757 sacerdoti.
833 1719 902 1756 Debet
921 1718 977 1767 equi-

168 1777 213 1815 dem
225 1779 364 1818 omnishomo
376 1782 421 1819 Deo
433 1781 521 1830 primum
540 1780 637 1818 confiteri
653 1780 742 1818 interius
761 1779 862 1817 adversus
885 1791 907 1816 se
925 1778 977 1827 iuju-

168 1839 237 1877 stitias
250 1841 331 1879 suasin
343 1842 480 1880 amaritudine
493 1842 573 1880 animae
592 1840 685 1888 suae²);
704 1841 741 1878 sed
754 1852 789 1877 005
802 1840 874 1878 deinde
893 1846 979 1878 accuset

168 1901 313 1940 sacerdotibus
325 1915 414 1941 necesse
428 1910 467 1949 est,
480 1904 553 1953 quihus
567 1903 642 1941 collata
654 1908 687 1940 est
697 1901 776 1953 ligandi
788 1908 808 1939 et
820 1901 978 1950 solvendipote·

167 1968 218 1999 stas
230 1962 287 2000 Finis
300 1963 387 2014 denique
399 1964 539 2003 confessionis
551 1970 584 2001 051
602 1965 703 2001 remissio
715 1968 850 2012 peccatorum
870 1961 979 2000 obtinenda

168 2035 204 2072 per
223 2023 386 2063 absolutionem
403 2025 596 2064 sacramentalem.
622 2024 691 2062 Solvit
709 2024 763 2061 enim
781 2023 892 2061 criminum
912 2034 978 2060 nexus

167 2085 287 2123 verecunda
299 2086 404 2125 confessio
416 2093 565 2136 peccatorum,
584 2098 636 2136 quae
649 2098 695 2124 cum
707 2085 771 2136 digna
782 2084 888 2134 reperitur
907 2095 978 2122 sacer·

167 2145 241 2184 dotalis
254 2147 390 2185 absolutionis
408 2148 524 2193 beneficio,
538 2160 550 2185 a
562 2147 651 2185 Domino
664 2146 810 2185 remissionem
819 2145 941 2195 adipiscitur
951 2141 977 2190 ³).

167 2208 207 2244 Est
218 2214 287 2245 autem
300 2208 406 2246 confessio
418 2222 469 2247 vere
482 2222 494 2246 a
506 2209 590 2247 Christo
602 2208 711 2252 instituta,
731 2212 751 2245 01
761 2207 811 2255 jure
823 2207 891 2244 divino
904 2217 978 2244 neces·

169 2268 225 2305 saria
235 2269 271 2314 ita,
283 2275 306 2306 111
318 2269 398 2307 Christi
409 2270 481 2308 fideles
494 2272 568 2309 00111111
579 2270 698 2319 nioriisero
714 2268 814 2313 crimina,
826 2268 846 2305 in
859 2279 911 2318 quae
923 2266 978 2304 ceci·

170 2329 246 2375 derint,
266 2330 291 2368 ad
303 2331 425 2369 sacerdotes
444 2338 541 2381 tanquam
559 2330 669 2381 praesides
682 2336 703 2367 et
715 2329 798 2378 judices
818 2329 926 2372 deferant,
946 2327 979 2376 qui

169 2401 206 2438 pro
217 2397 322 2439 potestate
334 2392 422 2430 clavium
434 2392 566 2430 remissionis
579 2398 600 2429 01
611 2391 735 2428 retentionis
748 2396 882 2439 peccatorum
895 2394 978 2425 senten-

170 2450 219 2487 tiam
230 2453 370 2500 pronuntient.
386 2453 409 2491 ld
420 2460 477 2502 patet
492 2467 518 2491 ex
534 2453 646 2502 Scriptura
661 2448 763 2498 sacra4],
779 2464 804 2488 ex
823 2450 864 2488 SS.
879 2449 978 2487 Patribus

170 2516 191 2547 01
202 2511 310 2551 Ecclesiae
321 2513 464 2559 Doctoribus,
484 2515 518 2563 qui
530 2513 670 2553 confessionis
689 2512 838 2550 necessitatem
854 2517 875 2547 01
891 2511 979 2559 probant

170 2577 191 2608 et
203 2575 352 2619 connnendant,
365 2588 391 2612 ex
402 2582 504 2625 perpetua
516 2582 537 2613 01
549 2574 655 2612 constanti
665 2573 778 2611 Ecclesiae
789 2571 857 2622 praxi,
870 2583 894 2609 ac
906 2577 979 2608 sancta

170 2639 191 2670 et
202 2632 314 2672 inviolabili
332 2636 487 2680 observatione,
507 2649 546 2686 qua
558 2636 665 2680 discimus,
685 2634 847 2677 confessionem,
866 2633 978 2683 etquidem

194 2792 209 2833 ¹)
221 2790 300 2847 catech
310 2791 365 2847 Rom.
378 2793 399 2826 P.
409 2794 432 2826 11.
443 2803 462 2848 0.,
468 2795 485 2827 5.
496 2803 514 2837 q.
525 2794 555 2827 33.
568 2811 592 2817 -
606 2792 664 2826 Cone.
675 2792 728 2848 trid.
739 2792 795 2826 sess.
809 2789 860 2846 Xlti.
870 2799 911 2824 can.
921 2792 939 2825 6.
956 2809 978 2814 -

216 2840 329 2934 thiar:
338 2840 922 2943 110111110101110101001
932 2840 978 2923 ir·
