<?xml version="1.0" encoding="UTF-8"?>
<!DOCTYPE html PUBLIC "-//W3C//DTD XHTML 1.0 Transitional//EN"
    "http://www.w3.org/TR/xhtml1/DTD/xhtml1-transitional.dtd">
<html xmlns="http://www.w3.org/1999/xhtml" xml:lang="en" lang="en">
 <head>
  <title>
</title>
<meta http-equiv="Content-Type" content="text/html;charset=utf-8" />
  <meta name='ocr-system' content='tesseract 3.04.00' />
  <meta name='ocr-capabilities' content='ocr_page ocr_carea ocr_par ocr_line ocrx_word'/>
</head>
<body>
  <div class='ocr_page' id='page_1' title='image "MN42038ucmf_0_0204.png"; bbox 0 0 2056 3193; ppageno 0'>
   <div class='ocr_carea' id='block_1_1' title="bbox 154 83 198 126">
    <p class='ocr_par' dir='ltr' id='par_1_1' title="bbox 154 83 198 126">
     <span class='ocr_line' id='line_1_1' title="bbox 154 83 198 126; baseline 0.045 -2"><span class='ocrx_word' id='word_1_1' title='bbox 154 83 198 126; x_wconf 79' lang='lat'>162</span> 
     </span>
    </p>
   </div>
   <div class='ocr_carea' id='block_1_2' title="bbox 146 197 961 2461">
    <p class='ocr_par' dir='ltr' id='par_1_2' title="bbox 149 197 958 310">
     <span class='ocr_line' id='line_1_2' title="bbox 149 197 958 248; baseline -0.001 -11"><span class='ocrx_word' id='word_1_2' title='bbox 149 199 258 248; x_wconf 85' lang='lat' dir='ltr'>poenitens</span> <span class='ocrx_word' id='word_1_3' title='bbox 275 198 326 236; x_wconf 88' lang='lat' dir='ltr'>vivit</span> <span class='ocrx_word' id='word_1_4' title='bbox 334 212 340 243; x_wconf 81' lang='lat'><em>3</em></span> <span class='ocrx_word' id='word_1_5' title='bbox 360 208 371 233; x_wconf 87' lang='lat' dir='ltr'>a</span> <span class='ocrx_word' id='word_1_6' title='bbox 383 197 496 235; x_wconf 87' lang='lat' dir='ltr'>commodis</span> <span class='ocrx_word' id='word_1_7' title='bbox 509 197 664 248; x_wconf 75' lang='lat' dir='ltr'>spiritualibus,</span> <span class='ocrx_word' id='word_1_8' title='bbox 684 209 735 248; x_wconf 85' lang='lat' dir='ltr'>quae</span> <span class='ocrx_word' id='word_1_9' title='bbox 748 206 815 238; x_wconf 88' lang='lat' dir='ltr'>status</span> <span class='ocrx_word' id='word_1_10' title='bbox 829 199 869 237; x_wconf 86' lang='lat' dir='ltr'>iste</span> <span class='ocrx_word' id='word_1_11' title='bbox 883 199 958 244; x_wconf 86' lang='lat' dir='ltr'>offert;</span> 
     </span>
     <span class='ocr_line' id='line_1_3' title="bbox 150 258 834 310; baseline 0.001 -12"><span class='ocrx_word' id='word_1_12' title='bbox 150 267 171 299; x_wconf 91' lang='lat' dir='ltr'>et</span> <span class='ocrx_word' id='word_1_13' title='bbox 183 274 194 300; x_wconf 90' lang='lat' dir='ltr'>a</span> <span class='ocrx_word' id='word_1_14' title='bbox 206 261 275 305; x_wconf 88' lang='lat' dir='ltr'>modo,</span> <span class='ocrx_word' id='word_1_15' title='bbox 293 259 317 296; x_wconf 91' lang='lat' dir='ltr'>ad</span> <span class='ocrx_word' id='word_1_16' title='bbox 330 258 437 308; x_wconf 83' lang='lat' dir='ltr'>quamdam</span> <span class='ocrx_word' id='word_1_17' title='bbox 448 260 469 297; x_wconf 89' lang='lat' dir='ltr'>in</span> <span class='ocrx_word' id='word_1_18' title='bbox 481 260 516 297; x_wconf 92' lang='lat' dir='ltr'>illo</span> <span class='ocrx_word' id='word_1_19' title='bbox 528 261 678 310; x_wconf 86' lang='lat' dir='ltr'>perfectionem</span> <span class='ocrx_word' id='word_1_20' title='bbox 691 261 834 300; x_wconf 87' lang='lat' dir='ltr'>contendendi.</span> 
     </span>
    </p>

    <p class='ocr_par' dir='ltr' id='par_1_3' title="bbox 146 320 958 683">
     <span class='ocr_line' id='line_1_4' title="bbox 221 320 957 376; baseline 0 -16"><span class='ocrx_word' id='word_1_21' title='bbox 221 320 323 360; x_wconf 77' lang='lat' dir='ltr'><strong>Materiae</strong></span> <span class='ocrx_word' id='word_1_22' title='bbox 336 321 395 372; x_wconf 81' lang='lat' dir='ltr'><strong>quasi</strong></span> <span class='ocrx_word' id='word_1_23' title='bbox 407 324 518 374; x_wconf 75' lang='lat' dir='ltr'>generales</span> <span class='ocrx_word' id='word_1_24' title='bbox 531 330 592 362; x_wconf 86' lang='lat' dir='ltr'>sunt:</span> <span class='ocrx_word' id='word_1_25' title='bbox 604 322 680 360; x_wconf 87' lang='lat' dir='ltr'>horror</span> <span class='ocrx_word' id='word_1_26' title='bbox 692 325 774 371; x_wconf 88' lang='lat' dir='ltr'>peccati</span> <span class='ocrx_word' id='word_1_27' title='bbox 786 324 872 376; x_wconf 81' lang='lat' dir='ltr'>gravis,</span> <span class='ocrx_word' id='word_1_28' title='bbox 884 323 924 361; x_wconf 92' lang='lat' dir='ltr'>imo</span> <span class='ocrx_word' id='word_1_29' title='bbox 937 328 957 361; x_wconf 89' lang='lat' dir='ltr'>et</span> 
     </span>
     <span class='ocr_line' id='line_1_5' title="bbox 148 383 957 437; baseline -0.001 -12"><span class='ocrx_word' id='word_1_30' title='bbox 148 384 242 429; x_wconf 85' lang='lat' dir='ltr'>levioris,</span> <span class='ocrx_word' id='word_1_31' title='bbox 260 383 357 422; x_wconf 81' lang='lat' dir='ltr'>nobilitas</span> <span class='ocrx_word' id='word_1_32' title='bbox 372 384 480 433; x_wconf 88' lang='lat' dir='ltr'>justitiae,</span> <span class='ocrx_word' id='word_1_33' title='bbox 497 386 559 432; x_wconf 86' lang='lat' dir='ltr'>fides,</span> <span class='ocrx_word' id='word_1_34' title='bbox 578 397 640 436; x_wconf 86' lang='lat' dir='ltr'>spes,</span> <span class='ocrx_word' id='word_1_35' title='bbox 654 383 746 422; x_wconf 85' lang='lat' dir='ltr'>charitas</span> <span class='ocrx_word' id='word_1_36' title='bbox 758 386 778 423; x_wconf 91' lang='lat' dir='ltr'>in</span> <span class='ocrx_word' id='word_1_37' title='bbox 793 388 860 425; x_wconf 87' lang='lat' dir='ltr'>Deum</span> <span class='ocrx_word' id='word_1_38' title='bbox 877 393 897 424; x_wconf 87' lang='lat' dir='ltr'>et</span> <span class='ocrx_word' id='word_1_39' title='bbox 911 399 957 437; x_wconf 93' lang='lat' dir='ltr'>pro·</span> 
     </span>
     <span class='ocr_line' id='line_1_6' title="bbox 147 446 957 496; baseline 0.004 -11"><span class='ocrx_word' id='word_1_40' title='bbox 147 448 235 491; x_wconf 79' lang='lat' dir='ltr'>niumm,</span> <span class='ocrx_word' id='word_1_41' title='bbox 255 446 349 496; x_wconf 89' lang='lat' dir='ltr'>pericula</span> <span class='ocrx_word' id='word_1_42' title='bbox 361 448 455 486; x_wconf 90' lang='lat' dir='ltr'>omnilms</span> <span class='ocrx_word' id='word_1_43' title='bbox 471 448 595 493; x_wconf 86' lang='lat' dir='ltr'>conununia;</span> <span class='ocrx_word' id='word_1_44' title='bbox 615 446 698 484; x_wconf 87' lang='lat' dir='ltr'>fallacia</span> <span class='ocrx_word' id='word_1_45' title='bbox 717 448 868 495; x_wconf 75' lang='lat' dir='ltr'>tentationum,</span> <span class='ocrx_word' id='word_1_46' title='bbox 886 449 957 488; x_wconf 89' lang='lat' dir='ltr'>incon-</span> 
     </span>
     <span class='ocr_line' id='line_1_7' title="bbox 147 507 958 560; baseline 0.004 -15"><span class='ocrx_word' id='word_1_47' title='bbox 147 508 223 546; x_wconf 83' lang='lat' dir='ltr'>stantia</span> <span class='ocrx_word' id='word_1_48' title='bbox 231 507 333 547; x_wconf 87' lang='lat' dir='ltr'>humanae</span> <span class='ocrx_word' id='word_1_49' title='bbox 343 511 424 556; x_wconf 75' lang='lat' dir='ltr'>inolitis,</span> <span class='ocrx_word' id='word_1_50' title='bbox 437 511 486 548; x_wconf 92' lang='lat' dir='ltr'>item</span> <span class='ocrx_word' id='word_1_51' title='bbox 498 523 575 559; x_wconf 75' lang='lat' dir='ltr'>praxes</span> <span class='ocrx_word' id='word_1_52' title='bbox 584 510 628 560; x_wconf 88' lang='lat' dir='ltr'>piae</span> <span class='ocrx_word' id='word_1_53' title='bbox 642 514 681 546; x_wconf 86' lang='lat' dir='ltr'>etc.</span> <span class='ocrx_word' id='word_1_54' title='bbox 695 509 751 546; x_wconf 87' lang='lat' dir='ltr'>illius</span> <span class='ocrx_word' id='word_1_55' title='bbox 760 516 828 547; x_wconf 89' lang='lat' dir='ltr'>status</span> <span class='ocrx_word' id='word_1_56' title='bbox 841 511 958 549; x_wconf 88' lang='lat' dir='ltr'>hominibus</span> 
     </span>
     <span class='ocr_line' id='line_1_8' title="bbox 147 570 958 624; baseline 0.002 -15"><span class='ocrx_word' id='word_1_57' title='bbox 147 570 301 609; x_wconf 87' lang='lat' dir='ltr'>accomodatae.</span> <span class='ocrx_word' id='word_1_58' title='bbox 320 572 378 610; x_wconf 69' lang='lat' dir='ltr'>illias</span> <span class='ocrx_word' id='word_1_59' title='bbox 391 578 412 609; x_wconf 90' lang='lat' dir='ltr'>et</span> <span class='ocrx_word' id='word_1_60' title='bbox 423 578 456 609; x_wconf 90' lang='lat' dir='ltr'>sat</span> <span class='ocrx_word' id='word_1_61' title='bbox 475 572 571 620; x_wconf 89' lang='lat' dir='ltr'>copiosas</span> <span class='ocrx_word' id='word_1_62' title='bbox 584 570 683 609; x_wconf 88' lang='lat' dir='ltr'>materias</span> <span class='ocrx_word' id='word_1_63' title='bbox 696 577 816 622; x_wconf 73' lang='lat' dir='ltr'>suggerent</span> <span class='ocrx_word' id='word_1_64' title='bbox 835 585 899 622; x_wconf 88' lang='lat' dir='ltr'>opera</span> <span class='ocrx_word' id='word_1_65' title='bbox 910 586 958 624; x_wconf 89' lang='lat' dir='ltr'>poe-</span> 
     </span>
     <span class='ocr_line' id='line_1_9' title="bbox 146 632 880 683; baseline 0.001 -13"><span class='ocrx_word' id='word_1_66' title='bbox 146 632 258 678; x_wconf 88' lang='lat' dir='ltr'>nitentiae,</span> <span class='ocrx_word' id='word_1_67' title='bbox 272 645 323 683; x_wconf 86' lang='lat' dir='ltr'>quae</span> <span class='ocrx_word' id='word_1_68' title='bbox 337 646 348 670; x_wconf 90' lang='lat' dir='ltr'>a</span> <span class='ocrx_word' id='word_1_69' title='bbox 361 633 491 671; x_wconf 78' lang='lat' dir='ltr'>confessario</span> <span class='ocrx_word' id='word_1_70' title='bbox 504 633 616 671; x_wconf 89' lang='lat' dir='ltr'>dictantur.</span> <span class='ocrx_word' id='word_1_71' title='bbox 629 635 661 671; x_wconf 90' lang='lat' dir='ltr'>De</span> <span class='ocrx_word' id='word_1_72' title='bbox 674 633 747 683; x_wconf 85' lang='lat' dir='ltr'>quihus</span> <span class='ocrx_word' id='word_1_73' title='bbox 760 633 806 670; x_wconf 92' lang='lat' dir='ltr'>vide</span> <span class='ocrx_word' id='word_1_74' title='bbox 818 632 880 671; x_wconf 85' lang='lat' dir='ltr'>infra.</span> 
     </span>
    </p>

    <p class='ocr_par' dir='ltr' id='par_1_4' title="bbox 146 693 959 2095">
     <span class='ocr_line' id='line_1_10' title="bbox 222 693 958 746; baseline 0.005 -15"><span class='ocrx_word' id='word_1_75' title='bbox 222 693 322 742; x_wconf 79' lang='lat' dir='ltr'>Quoniam</span> <span class='ocrx_word' id='word_1_76' title='bbox 333 706 384 731; x_wconf 87' lang='lat' dir='ltr'>vero</span> <span class='ocrx_word' id='word_1_77' title='bbox 398 694 542 732; x_wconf 85' lang='lat' dir='ltr'>confessarius</span> <span class='ocrx_word' id='word_1_78' title='bbox 562 707 602 732; x_wconf 91' lang='lat' dir='ltr'>non</span> <span class='ocrx_word' id='word_1_79' title='bbox 618 706 657 744; x_wconf 87' lang='lat' dir='ltr'>qua</span> <span class='ocrx_word' id='word_1_80' title='bbox 672 694 744 732; x_wconf 87' lang='lat' dir='ltr'>doctor</span> <span class='ocrx_word' id='word_1_81' title='bbox 761 694 880 746; x_wconf 81' lang='lat' dir='ltr'>Religionis</span> <span class='ocrx_word' id='word_1_82' title='bbox 899 703 958 735; x_wconf 88' lang='lat' dir='ltr'>natu·</span> 
     </span>
     <span class='ocr_line' id='line_1_11' title="bbox 147 755 959 805; baseline 0.004 -13"><span class='ocrx_word' id='word_1_83' title='bbox 147 756 197 793; x_wconf 83' lang='lat' dir='ltr'>ralis</span> <span class='ocrx_word' id='word_1_84' title='bbox 210 767 271 793; x_wconf 85' lang='lat' dir='ltr'>sacro</span> <span class='ocrx_word' id='word_1_85' title='bbox 284 755 384 793; x_wconf 86' lang='lat' dir='ltr'>tribunali</span> <span class='ocrx_word' id='word_1_86' title='bbox 395 755 486 801; x_wconf 81' lang='lat' dir='ltr'>insidet,</span> <span class='ocrx_word' id='word_1_87' title='bbox 499 755 535 792; x_wconf 89' lang='lat' dir='ltr'>sed</span> <span class='ocrx_word' id='word_1_88' title='bbox 548 768 587 805; x_wconf 85' lang='lat' dir='ltr'>qua</span> <span class='ocrx_word' id='word_1_89' title='bbox 600 755 680 793; x_wconf 81' lang='lat' dir='ltr'>Christi</span> <span class='ocrx_word' id='word_1_90' title='bbox 694 756 800 802; x_wconf 81' lang='lat' dir='ltr'>vicarius,</span> <span class='ocrx_word' id='word_1_91' title='bbox 819 756 866 794; x_wconf 91' lang='lat' dir='ltr'>hinc</span> <span class='ocrx_word' id='word_1_92' title='bbox 878 756 959 795; x_wconf 85' lang='lat' dir='ltr'>hortari</span> 
     </span>
     <span class='ocr_line' id='line_1_12' title="bbox 147 816 958 867; baseline 0.001 -13"><span class='ocrx_word' id='word_1_93' title='bbox 147 817 255 854; x_wconf 86' lang='lat' dir='ltr'>etdocere</span> <span class='ocrx_word' id='word_1_94' title='bbox 268 816 338 861; x_wconf 86' lang='lat' dir='ltr'>dehet,</span> <span class='ocrx_word' id='word_1_95' title='bbox 356 828 396 853; x_wconf 94' lang='lat' dir='ltr'>non</span> <span class='ocrx_word' id='word_1_96' title='bbox 412 828 484 862; x_wconf 89' lang='lat' dir='ltr'>suum,</span> <span class='ocrx_word' id='word_1_97' title='bbox 504 817 541 853; x_wconf 93' lang='lat' dir='ltr'>sed</span> <span class='ocrx_word' id='word_1_98' title='bbox 556 818 596 854; x_wconf 87' lang='lat' dir='ltr'>Dei</span> <span class='ocrx_word' id='word_1_99' title='bbox 607 817 695 854; x_wconf 90' lang='lat' dir='ltr'>verbum</span> <span class='ocrx_word' id='word_1_100' title='bbox 707 817 845 854; x_wconf 88' lang='lat' dir='ltr'>annuntiando</span> <span class='ocrx_word' id='word_1_101' title='bbox 862 826 958 867; x_wconf 90' lang='lat' dir='ltr'>peccato-</span> 
     </span>
     <span class='ocr_line' id='line_1_13' title="bbox 146 877 959 928; baseline 0 -14"><span class='ocrx_word' id='word_1_102' title='bbox 146 878 212 915; x_wconf 88' lang='lat' dir='ltr'>ribus.</span> <span class='ocrx_word' id='word_1_103' title='bbox 230 877 302 914; x_wconf 84' lang='lat' dir='ltr'>Testis</span> <span class='ocrx_word' id='word_1_104' title='bbox 315 884 347 914; x_wconf 90' lang='lat' dir='ltr'>est</span> <span class='ocrx_word' id='word_1_105' title='bbox 359 889 439 927; x_wconf 92' lang='lat' dir='ltr'>quoque</span> <span class='ocrx_word' id='word_1_106' title='bbox 452 878 595 927; x_wconf 85' lang='lat' dir='ltr'>experientia,</span> <span class='ocrx_word' id='word_1_107' title='bbox 615 878 709 927; x_wconf 84' lang='lat' dir='ltr'>profecto</span> <span class='ocrx_word' id='word_1_108' title='bbox 722 878 888 928; x_wconf 88' lang='lat' dir='ltr'>quamplurimis</span> <span class='ocrx_word' id='word_1_109' title='bbox 905 879 959 916; x_wconf 94' lang='lat' dir='ltr'>omni</span> 
     </span>
     <span class='ocr_line' id='line_1_14' title="bbox 147 938 958 989; baseline 0.001 -13"><span class='ocrx_word' id='word_1_110' title='bbox 147 938 283 977; x_wconf 85' lang='lat' dir='ltr'>scientiarum</span> <span class='ocrx_word' id='word_1_111' title='bbox 299 951 378 989; x_wconf 83' lang='lat' dir='ltr'>genere</span> <span class='ocrx_word' id='word_1_112' title='bbox 391 939 472 976; x_wconf 76' lang='lat' dir='ltr'>oraratis</span> <span class='ocrx_word' id='word_1_113' title='bbox 487 939 541 976; x_wconf 86' lang='lat' dir='ltr'>nuda</span> <span class='ocrx_word' id='word_1_114' title='bbox 556 939 644 977; x_wconf 88' lang='lat' dir='ltr'>rationis</span> <span class='ocrx_word' id='word_1_115' title='bbox 664 939 775 977; x_wconf 90' lang='lat' dir='ltr'>dictamina</span> <span class='ocrx_word' id='word_1_116' title='bbox 790 945 851 988; x_wconf 84' lang='lat' dir='ltr'>atque</span> <span class='ocrx_word' id='word_1_117' title='bbox 869 940 958 989; x_wconf 87' lang='lat' dir='ltr'>impera-</span> 
     </span>
     <span class='ocr_line' id='line_1_15' title="bbox 146 998 958 1050; baseline 0.001 -13"><span class='ocrx_word' id='word_1_118' title='bbox 146 1000 189 1037; x_wconf 84' lang='lat' dir='ltr'>tiva</span> <span class='ocrx_word' id='word_1_119' title='bbox 204 998 257 1037; x_wconf 86' lang='lat' dir='ltr'>haud</span> <span class='ocrx_word' id='word_1_120' title='bbox 276 999 385 1037; x_wconf 78' lang='lat' dir='ltr'>sufficere.</span> <span class='ocrx_word' id='word_1_121' title='bbox 405 1000 476 1049; x_wconf 90' lang='lat' dir='ltr'>eisque</span> <span class='ocrx_word' id='word_1_122' title='bbox 493 1000 530 1037; x_wconf 86' lang='lat' dir='ltr'>sub</span> <span class='ocrx_word' id='word_1_123' title='bbox 547 1000 603 1037; x_wconf 91' lang='lat' dir='ltr'>vitae</span> <span class='ocrx_word' id='word_1_124' title='bbox 619 1012 730 1049; x_wconf 88' lang='lat' dir='ltr'>vesperam</span> <span class='ocrx_word' id='word_1_125' title='bbox 749 1000 837 1038; x_wconf 90' lang='lat' dir='ltr'>humana</span> <span class='ocrx_word' id='word_1_126' title='bbox 854 1001 958 1050; x_wconf 83' lang='lat' dir='ltr'>sapientia</span> 
     </span>
     <span class='ocr_line' id='line_1_16' title="bbox 147 1060 958 1110; baseline -0.001 -12"><span class='ocrx_word' id='word_1_127' title='bbox 147 1061 171 1098; x_wconf 92' lang='lat' dir='ltr'>ad</span> <span class='ocrx_word' id='word_1_128' title='bbox 183 1072 282 1098; x_wconf 85' lang='lat' dir='ltr'>nauseam</span> <span class='ocrx_word' id='word_1_129' title='bbox 295 1060 396 1098; x_wconf 88' lang='lat' dir='ltr'>saturatis</span> <span class='ocrx_word' id='word_1_130' title='bbox 413 1061 454 1098; x_wconf 92' lang='lat' dir='ltr'>Dei</span> <span class='ocrx_word' id='word_1_131' title='bbox 462 1061 547 1098; x_wconf 89' lang='lat' dir='ltr'>oracula</span> <span class='ocrx_word' id='word_1_132' title='bbox 559 1073 618 1110; x_wconf 86' lang='lat' dir='ltr'>quam</span> <span class='ocrx_word' id='word_1_133' title='bbox 627 1061 779 1109; x_wconf 89' lang='lat' dir='ltr'>jucundissime</span> <span class='ocrx_word' id='word_1_134' title='bbox 792 1074 874 1110; x_wconf 81' lang='lat' dir='ltr'>sapere.</span> <span class='ocrx_word' id='word_1_135' title='bbox 887 1061 958 1099; x_wconf 85' lang='lat' dir='ltr'>Verba</span> 
     </span>
     <span class='ocr_line' id='line_1_17' title="bbox 149 1121 958 1173; baseline -0.001 -14"><span class='ocrx_word' id='word_1_136' title='bbox 149 1121 293 1160; x_wconf 88' lang='lat' dir='ltr'>sacratissimo</span> <span class='ocrx_word' id='word_1_137' title='bbox 312 1121 380 1171; x_wconf 92' lang='lat' dir='ltr'>Ipsius</span> <span class='ocrx_word' id='word_1_138' title='bbox 394 1121 435 1158; x_wconf 91' lang='lat' dir='ltr'>Dei</span> <span class='ocrx_word' id='word_1_139' title='bbox 450 1134 485 1159; x_wconf 91' lang='lat' dir='ltr'>ore</span> <span class='ocrx_word' id='word_1_140' title='bbox 504 1122 585 1170; x_wconf 89' lang='lat' dir='ltr'>prolata</span> <span class='ocrx_word' id='word_1_141' title='bbox 604 1122 671 1173; x_wconf 85' lang='lat' dir='ltr'>magis</span> <span class='ocrx_word' id='word_1_142' title='bbox 691 1122 814 1172; x_wconf 74' lang='lat' dir='ltr'>feliciusque</span> <span class='ocrx_word' id='word_1_143' title='bbox 836 1123 856 1160; x_wconf 93' lang='lat' dir='ltr'>in</span> <span class='ocrx_word' id='word_1_144' title='bbox 869 1123 958 1160; x_wconf 82' lang='lat' dir='ltr'>aninumr</span> 
     </span>
     <span class='ocr_line' id='line_1_18' title="bbox 150 1182 959 1234; baseline -0.001 -14"><span class='ocrx_word' id='word_1_145' title='bbox 150 1195 228 1234; x_wconf 82' lang='lat' dir='ltr'>agere,</span> <span class='ocrx_word' id='word_1_146' title='bbox 248 1194 307 1232; x_wconf 89' lang='lat' dir='ltr'>quam</span> <span class='ocrx_word' id='word_1_147' title='bbox 323 1183 388 1219; x_wconf 87' lang='lat' dir='ltr'>verba</span> <span class='ocrx_word' id='word_1_148' title='bbox 406 1182 504 1226; x_wconf 84' lang='lat' dir='ltr'>huruana,</span> <span class='ocrx_word' id='word_1_149' title='bbox 524 1183 569 1232; x_wconf 87' lang='lat' dir='ltr'>quis</span> <span class='ocrx_word' id='word_1_150' title='bbox 582 1183 664 1220; x_wconf 89' lang='lat' dir='ltr'>inficias</span> <span class='ocrx_word' id='word_1_151' title='bbox 675 1183 730 1219; x_wconf 78' lang='lat' dir='ltr'>ibit?</span> <span class='ocrx_word' id='word_1_152' title='bbox 742 1185 801 1221; x_wconf 92' lang='lat' dir='ltr'>Deus</span> <span class='ocrx_word' id='word_1_153' title='bbox 812 1183 842 1220; x_wconf 87' lang='lat' dir='ltr'>ita</span> <span class='ocrx_word' id='word_1_154' title='bbox 853 1185 906 1228; x_wconf 88' lang='lat' dir='ltr'>vult,</span> <span class='ocrx_word' id='word_1_155' title='bbox 918 1182 959 1221; x_wconf 91' lang='lat' dir='ltr'>Dei</span> 
     </span>
     <span class='ocr_line' id='line_1_19' title="bbox 148 1243 957 1293; baseline -0.001 -12"><span class='ocrx_word' id='word_1_156' title='bbox 148 1243 200 1281; x_wconf 91' lang='lat' dir='ltr'>haec</span> <span class='ocrx_word' id='word_1_157' title='bbox 217 1250 249 1280; x_wconf 88' lang='lat' dir='ltr'>est</span> <span class='ocrx_word' id='word_1_158' title='bbox 266 1244 372 1288; x_wconf 88' lang='lat' dir='ltr'>voluntas,</span> <span class='ocrx_word' id='word_1_159' title='bbox 385 1256 421 1280; x_wconf 91' lang='lat' dir='ltr'>res</span> <span class='ocrx_word' id='word_1_160' title='bbox 437 1244 514 1281; x_wconf 90' lang='lat' dir='ltr'>decisa.</span> <span class='ocrx_word' id='word_1_161' title='bbox 534 1244 606 1281; x_wconf 88' lang='lat' dir='ltr'>Verba</span> <span class='ocrx_word' id='word_1_162' title='bbox 622 1256 697 1281; x_wconf 86' lang='lat' dir='ltr'>sacrae</span> <span class='ocrx_word' id='word_1_163' title='bbox 715 1244 839 1293; x_wconf 84' lang='lat' dir='ltr'>Scriptnrac</span> <span class='ocrx_word' id='word_1_164' title='bbox 859 1251 879 1281; x_wconf 93' lang='lat' dir='ltr'>et</span> <span class='ocrx_word' id='word_1_165' title='bbox 898 1245 920 1282; x_wconf 86' lang='lat' dir='ltr'>S.</span> <span class='ocrx_word' id='word_1_166' title='bbox 935 1245 957 1282; x_wconf 86' lang='lat' dir='ltr'>S.</span> 
     </span>
     <span class='ocr_line' id='line_1_20' title="bbox 148 1304 959 1355; baseline 0 -12"><span class='ocrx_word' id='word_1_167' title='bbox 148 1305 235 1343; x_wconf 91' lang='lat' dir='ltr'>Patrum</span> <span class='ocrx_word' id='word_1_168' title='bbox 252 1305 326 1353; x_wconf 83' lang='lat' dir='ltr'>majori</span> <span class='ocrx_word' id='word_1_169' title='bbox 346 1304 490 1343; x_wconf 85' lang='lat' dir='ltr'>benedictione</span> <span class='ocrx_word' id='word_1_170' title='bbox 507 1305 608 1355; x_wconf 83' lang='lat' dir='ltr'>gaudent,</span> <span class='ocrx_word' id='word_1_171' title='bbox 628 1317 688 1355; x_wconf 89' lang='lat' dir='ltr'>quam</span> <span class='ocrx_word' id='word_1_172' title='bbox 707 1306 771 1343; x_wconf 85' lang='lat' dir='ltr'>verba</span> <span class='ocrx_word' id='word_1_173' title='bbox 789 1305 959 1343; x_wconf 80' lang='lat' dir='ltr'>doctissimorum</span> 
     </span>
     <span class='ocr_line' id='line_1_21' title="bbox 148 1365 958 1415; baseline 0.001 -13"><span class='ocrx_word' id='word_1_174' title='bbox 148 1365 259 1403; x_wconf 90' lang='lat' dir='ltr'>hominum.</span> <span class='ocrx_word' id='word_1_175' title='bbox 277 1365 408 1415; x_wconf 79' lang='lat' dir='ltr'>Quapropter</span> <span class='ocrx_word' id='word_1_176' title='bbox 429 1365 514 1402; x_wconf 88' lang='lat' dir='ltr'>haurire</span> <span class='ocrx_word' id='word_1_177' title='bbox 531 1372 614 1414; x_wconf 89' lang='lat' dir='ltr'>oportet</span> <span class='ocrx_word' id='word_1_178' title='bbox 634 1366 740 1403; x_wconf 88' lang='lat' dir='ltr'>doctrinas</span> <span class='ocrx_word' id='word_1_179' title='bbox 760 1373 820 1415; x_wconf 88' lang='lat' dir='ltr'>atque</span> <span class='ocrx_word' id='word_1_180' title='bbox 842 1366 958 1403; x_wconf 85' lang='lat' dir='ltr'>hortamina</span> 
     </span>
     <span class='ocr_line' id='line_1_22' title="bbox 149 1427 958 1477; baseline -0.002 -13"><span class='ocrx_word' id='word_1_181' title='bbox 149 1439 226 1464; x_wconf 78' lang='lat' dir='ltr'>nonen</span> <span class='ocrx_word' id='word_1_182' title='bbox 242 1427 323 1464; x_wconf 89' lang='lat' dir='ltr'>ratione</span> <span class='ocrx_word' id='word_1_183' title='bbox 339 1433 360 1464; x_wconf 90' lang='lat' dir='ltr'>et</span> <span class='ocrx_word' id='word_1_184' title='bbox 375 1427 505 1474; x_wconf 83' lang='lat' dir='ltr'>experientia</span> <span class='ocrx_word' id='word_1_185' title='bbox 521 1427 599 1471; x_wconf 82' lang='lat' dir='ltr'>solum,</span> <span class='ocrx_word' id='word_1_186' title='bbox 618 1427 654 1464; x_wconf 92' lang='lat' dir='ltr'>sed</span> <span class='ocrx_word' id='word_1_187' title='bbox 668 1427 763 1475; x_wconf 87' lang='lat' dir='ltr'>inprimis</span> <span class='ocrx_word' id='word_1_188' title='bbox 783 1439 808 1463; x_wconf 80' lang='lat' dir='ltr'>ex</span> <span class='ocrx_word' id='word_1_189' title='bbox 827 1427 958 1477; x_wconf 80' lang='lat' dir='ltr'>dogmatibus</span> 
     </span>
     <span class='ocr_line' id='line_1_23' title="bbox 149 1486 958 1537; baseline -0.001 -12"><span class='ocrx_word' id='word_1_190' title='bbox 149 1487 199 1525; x_wconf 87' lang='lat' dir='ltr'>fidei</span> <span class='ocrx_word' id='word_1_191' title='bbox 213 1500 334 1537; x_wconf 86' lang='lat' dir='ltr'>morumque</span> <span class='ocrx_word' id='word_1_192' title='bbox 352 1486 472 1532; x_wconf 78' lang='lat' dir='ltr'>catholicis,</span> <span class='ocrx_word' id='word_1_193' title='bbox 491 1500 515 1524; x_wconf 79' lang='lat' dir='ltr'>ex</span> <span class='ocrx_word' id='word_1_194' title='bbox 533 1488 602 1525; x_wconf 88' lang='lat' dir='ltr'>sacris</span> <span class='ocrx_word' id='word_1_195' title='bbox 618 1488 727 1537; x_wconf 82' lang='lat' dir='ltr'>utriusque</span> <span class='ocrx_word' id='word_1_196' title='bbox 743 1487 874 1525; x_wconf 84' lang='lat' dir='ltr'>Testamenti</span> <span class='ocrx_word' id='word_1_197' title='bbox 890 1487 958 1524; x_wconf 83' lang='lat' dir='ltr'>literis</span> 
     </span>
     <span class='ocr_line' id='line_1_24' title="bbox 149 1548 959 1598; baseline -0.001 -12"><span class='ocrx_word' id='word_1_198' title='bbox 149 1553 310 1598; x_wconf 87' lang='lat' dir='ltr'>sanctorumque</span> <span class='ocrx_word' id='word_1_199' title='bbox 322 1549 409 1585; x_wconf 81' lang='lat' dir='ltr'>Patrum</span> <span class='ocrx_word' id='word_1_200' title='bbox 424 1548 499 1586; x_wconf 83' lang='lat' dir='ltr'>effatis.</span> <span class='ocrx_word' id='word_1_201' title='bbox 520 1548 604 1587; x_wconf 78' lang='lat' dir='ltr'>„saera</span> <span class='ocrx_word' id='word_1_202' title='bbox 618 1549 724 1598; x_wconf 89' lang='lat' dir='ltr'>scriptura</span> <span class='ocrx_word' id='word_1_203' title='bbox 739 1548 837 1585; x_wconf 86' lang='lat' dir='ltr'>divinitus</span> <span class='ocrx_word' id='word_1_204' title='bbox 856 1548 959 1598; x_wconf 88' lang='lat' dir='ltr'>inspirata</span> 
     </span>
     <span class='ocr_line' id='line_1_25' title="bbox 149 1609 957 1661; baseline -0.001 -14"><span class='ocrx_word' id='word_1_205' title='bbox 149 1610 206 1647; x_wconf 87' lang='lat' dir='ltr'>utilis</span> <span class='ocrx_word' id='word_1_206' title='bbox 219 1616 251 1646; x_wconf 89' lang='lat' dir='ltr'>est</span> <span class='ocrx_word' id='word_1_207' title='bbox 263 1610 287 1647; x_wconf 87' lang='lat' dir='ltr'>ad</span> <span class='ocrx_word' id='word_1_208' title='bbox 299 1609 442 1661; x_wconf 86' lang='lat' dir='ltr'>arguendum,</span> <span class='ocrx_word' id='word_1_209' title='bbox 455 1610 480 1646; x_wconf 92' lang='lat' dir='ltr'>ad</span> <span class='ocrx_word' id='word_1_210' title='bbox 492 1610 660 1659; x_wconf 76' lang='lat' dir='ltr'>corripiendum,</span> <span class='ocrx_word' id='word_1_211' title='bbox 679 1611 703 1647; x_wconf 90' lang='lat' dir='ltr'>ad</span> <span class='ocrx_word' id='word_1_212' title='bbox 716 1609 850 1647; x_wconf 90' lang='lat' dir='ltr'>erudiendmn</span> <span class='ocrx_word' id='word_1_213' title='bbox 862 1610 882 1646; x_wconf 93' lang='lat' dir='ltr'>in</span> <span class='ocrx_word' id='word_1_214' title='bbox 894 1609 957 1658; x_wconf 81' lang='lat' dir='ltr'>justi·</span> 
     </span>
     <span class='ocr_line' id='line_1_26' title="bbox 149 1665 957 1721; baseline -0.002 -12"><span class='ocrx_word' id='word_1_215' title='bbox 149 1672 189 1717; x_wconf 89' lang='lat' dir='ltr'>tia,</span> <span class='ocrx_word' id='word_1_216' title='bbox 202 1677 224 1709; x_wconf 84' lang='lat' dir='ltr'>ut</span> <span class='ocrx_word' id='word_1_217' title='bbox 236 1671 343 1721; x_wconf 86' lang='lat' dir='ltr'>perfectus</span> <span class='ocrx_word' id='word_1_218' title='bbox 356 1671 383 1708; x_wconf 90' lang='lat' dir='ltr'>sit</span> <span class='ocrx_word' id='word_1_219' title='bbox 395 1671 454 1709; x_wconf 90' lang='lat' dir='ltr'>homo</span> <span class='ocrx_word' id='word_1_220' title='bbox 466 1671 507 1709; x_wconf 91' lang='lat' dir='ltr'>Dei</span> <span class='ocrx_word' id='word_1_221' title='bbox 525 1672 549 1709; x_wconf 89' lang='lat' dir='ltr'>ad</span> <span class='ocrx_word' id='word_1_222' title='bbox 568 1684 627 1709; x_wconf 93' lang='lat' dir='ltr'>omne</span> <span class='ocrx_word' id='word_1_223' title='bbox 640 1684 690 1720; x_wconf 90' lang='lat' dir='ltr'>opus</span> <span class='ocrx_word' id='word_1_224' title='bbox 703 1672 778 1710; x_wconf 87' lang='lat' dir='ltr'>honum</span> <span class='ocrx_word' id='word_1_225' title='bbox 792 1665 923 1710; x_wconf 72' lang='lat' dir='ltr'>instructus⁵’</span> <span class='ocrx_word' id='word_1_226' title='bbox 933 1669 957 1718; x_wconf 80' lang='lat'>¹).</span> 
     </span>
     <span class='ocr_line' id='line_1_27' title="bbox 149 1733 959 1786; baseline -0.001 -15"><span class='ocrx_word' id='word_1_227' title='bbox 149 1733 179 1771; x_wconf 76' lang='lat' dir='ltr'>tte</span> <span class='ocrx_word' id='word_1_228' title='bbox 192 1733 291 1771; x_wconf 91' lang='lat' dir='ltr'>coelestis</span> <span class='ocrx_word' id='word_1_229' title='bbox 303 1734 337 1771; x_wconf 92' lang='lat' dir='ltr'>ille</span> <span class='ocrx_word' id='word_1_230' title='bbox 350 1733 463 1771; x_wconf 86' lang='lat' dir='ltr'>thesaurus</span> <span class='ocrx_word' id='word_1_231' title='bbox 476 1746 585 1771; x_wconf 91' lang='lat' dir='ltr'>sacrorum</span> <span class='ocrx_word' id='word_1_232' title='bbox 598 1734 698 1772; x_wconf 88' lang='lat' dir='ltr'>librorum</span> <span class='ocrx_word' id='word_1_233' title='bbox 711 1735 822 1786; x_wconf 91' lang='lat' dir='ltr'>neglectus</span> <span class='ocrx_word' id='word_1_234' title='bbox 831 1733 912 1782; x_wconf 87' lang='lat' dir='ltr'>jaceat,</span> <span class='ocrx_word' id='word_1_235' title='bbox 928 1739 959 1770; x_wconf 89' lang='lat' dir='ltr'>ut·</span> 
     </span>
     <span class='ocr_line' id='line_1_28' title="bbox 149 1795 959 1846; baseline -0.002 -12"><span class='ocrx_word' id='word_1_236' title='bbox 149 1802 196 1846; x_wconf 85' lang='lat' dir='ltr'>pote</span> <span class='ocrx_word' id='word_1_237' title='bbox 209 1807 268 1846; x_wconf 85' lang='lat' dir='ltr'>quem</span> <span class='ocrx_word' id='word_1_238' title='bbox 281 1797 374 1846; x_wconf 82' lang='lat' dir='ltr'>Spiritus</span> <span class='ocrx_word' id='word_1_239' title='bbox 389 1802 475 1834; x_wconf 89' lang='lat' dir='ltr'>sanctus</span> <span class='ocrx_word' id='word_1_240' title='bbox 488 1808 568 1834; x_wconf 89' lang='lat' dir='ltr'>summa</span> <span class='ocrx_word' id='word_1_241' title='bbox 585 1796 713 1834; x_wconf 86' lang='lat' dir='ltr'>liberalitate</span> <span class='ocrx_word' id='word_1_242' title='bbox 725 1796 842 1834; x_wconf 89' lang='lat' dir='ltr'>hominibus</span> <span class='ocrx_word' id='word_1_243' title='bbox 861 1795 959 1840; x_wconf 82' lang='lat' dir='ltr'>tradidit,</span> 
     </span>
     <span class='ocr_line' id='line_1_29' title="bbox 150 1858 959 1908; baseline -0.002 -12"><span class='ocrx_word' id='word_1_244' title='bbox 150 1858 274 1896; x_wconf 83' lang='lat' dir='ltr'>Tridentina</span> <span class='ocrx_word' id='word_1_245' title='bbox 286 1858 376 1908; x_wconf 90' lang='lat' dir='ltr'>synodus</span> <span class='ocrx_word' id='word_1_246' title='bbox 388 1870 498 1896; x_wconf 89' lang='lat' dir='ltr'>sacrarum</span> <span class='ocrx_word' id='word_1_247' title='bbox 513 1859 667 1908; x_wconf 90' lang='lat' dir='ltr'>scripturarum</span> <span class='ocrx_word' id='word_1_248' title='bbox 685 1858 795 1896; x_wconf 89' lang='lat' dir='ltr'>lectionem</span> <span class='ocrx_word' id='word_1_249' title='bbox 814 1858 959 1895; x_wconf 88' lang='lat' dir='ltr'>sacerdotibus</span> 
     </span>
     <span class='ocr_line' id='line_1_30' title="bbox 150 1919 959 1969; baseline -0.002 -11"><span class='ocrx_word' id='word_1_250' title='bbox 150 1920 280 1959; x_wconf 86' lang='lat' dir='ltr'>commendat</span> <span class='ocrx_word' id='word_1_251' title='bbox 289 1919 462 1969; x_wconf 46' lang='lat' dir='ltr'>maximoperei),</span> <span class='ocrx_word' id='word_1_252' title='bbox 478 1921 501 1958; x_wconf 78' lang='lat' dir='ltr'>S.</span> <span class='ocrx_word' id='word_1_253' title='bbox 514 1919 654 1969; x_wconf 79' lang='lat' dir='ltr'>Hieronynms</span> <span class='ocrx_word' id='word_1_254' title='bbox 668 1921 692 1958; x_wconf 87' lang='lat' dir='ltr'>ad</span> <span class='ocrx_word' id='word_1_255' title='bbox 704 1921 764 1957; x_wconf 85' lang='lat' dir='ltr'>Eust.</span> <span class='ocrx_word' id='word_1_256' title='bbox 785 1919 837 1959; x_wconf 79' lang='lat' dir='ltr'>„Dte</span> <span class='ocrx_word' id='word_1_257' title='bbox 857 1925 959 1969; x_wconf 87' lang='lat' dir='ltr'>noctuque</span> 
     </span>
     <span class='ocr_line' id='line_1_31' title="bbox 150 1981 959 2031; baseline -0.002 -12"><span class='ocrx_word' id='word_1_258' title='bbox 150 1982 180 2021; x_wconf 92' lang='lat' dir='ltr'>sic</span> <span class='ocrx_word' id='word_1_259' title='bbox 193 1989 261 2020; x_wconf 88' lang='lat' dir='ltr'>mente</span> <span class='ocrx_word' id='word_1_260' title='bbox 273 1984 408 2020; x_wconf 89' lang='lat' dir='ltr'>revolvantur</span> <span class='ocrx_word' id='word_1_261' title='bbox 416 1982 535 2031; x_wconf 86' lang='lat' dir='ltr'>scripturae</span> <span class='ocrx_word' id='word_1_262' title='bbox 544 1994 627 2025; x_wconf 62' lang='lat' dir='ltr'>sacrae,</span> <span class='ocrx_word' id='word_1_263' title='bbox 639 1988 661 2020; x_wconf 90' lang='lat' dir='ltr'>nt</span> <span class='ocrx_word' id='word_1_264' title='bbox 673 1982 752 2020; x_wconf 87' lang='lat' dir='ltr'>tenenti</span> <span class='ocrx_word' id='word_1_265' title='bbox 764 1981 856 2020; x_wconf 85' lang='lat' dir='ltr'>codicem</span> <span class='ocrx_word' id='word_1_266' title='bbox 875 1992 959 2019; x_wconf 91' lang='lat' dir='ltr'>somnus</span> 
     </span>
     <span class='ocr_line' id='line_1_32' title="bbox 150 2044 783 2095; baseline -0.002 -13"><span class='ocrx_word' id='word_1_267' title='bbox 150 2044 247 2094; x_wconf 87' lang='lat' dir='ltr'>obrepat,</span> <span class='ocrx_word' id='word_1_268' title='bbox 260 2051 280 2082; x_wconf 87' lang='lat' dir='ltr'>et</span> <span class='ocrx_word' id='word_1_269' title='bbox 293 2045 400 2083; x_wconf 89' lang='lat' dir='ltr'>cadentem</span> <span class='ocrx_word' id='word_1_270' title='bbox 413 2044 488 2082; x_wconf 87' lang='lat' dir='ltr'>faciem</span> <span class='ocrx_word' id='word_1_271' title='bbox 500 2044 577 2095; x_wconf 83' lang='lat' dir='ltr'>pagina</span> <span class='ocrx_word' id='word_1_272' title='bbox 589 2050 663 2082; x_wconf 89' lang='lat' dir='ltr'>sancta</span> <span class='ocrx_word' id='word_1_273' title='bbox 675 2044 783 2092; x_wconf 80' lang='lat' dir='ltr'>recipiat.&#39;&#39;</span> 
     </span>
    </p>

    <p class='ocr_par' dir='ltr' id='par_1_5' title="bbox 149 2105 961 2461">
     <span class='ocr_line' id='line_1_33' title="bbox 223 2105 960 2156; baseline -0.004 -12"><span class='ocrx_word' id='word_1_274' title='bbox 223 2106 321 2151; x_wconf 87' lang='lat' dir='ltr'>Accedit,</span> <span class='ocrx_word' id='word_1_275' title='bbox 334 2106 387 2156; x_wconf 90' lang='lat' dir='ltr'>quod</span> <span class='ocrx_word' id='word_1_276' title='bbox 398 2106 418 2142; x_wconf 91' lang='lat' dir='ltr'>in</span> <span class='ocrx_word' id='word_1_277' title='bbox 430 2106 584 2155; x_wconf 84' lang='lat' dir='ltr'>poenitentibus</span> <span class='ocrx_word' id='word_1_278' title='bbox 592 2106 721 2143; x_wconf 87' lang='lat' dir='ltr'>instruendis</span> <span class='ocrx_word' id='word_1_279' title='bbox 734 2112 754 2143; x_wconf 91' lang='lat' dir='ltr'>et</span> <span class='ocrx_word' id='word_1_280' title='bbox 767 2105 900 2143; x_wconf 92' lang='lat' dir='ltr'>admonendis</span> <span class='ocrx_word' id='word_1_281' title='bbox 913 2110 960 2143; x_wconf 90' lang='lat' dir='ltr'>acta</span> 
     </span>
     <span class='ocr_line' id='line_1_34' title="bbox 149 2166 960 2217; baseline -0.004 -12"><span class='ocrx_word' id='word_1_282' title='bbox 149 2167 204 2205; x_wconf 88' lang='lat' dir='ltr'>vitae</span> <span class='ocrx_word' id='word_1_283' title='bbox 218 2167 344 2205; x_wconf 80' lang='lat' dir='ltr'>Sanctorum</span> <span class='ocrx_word' id='word_1_284' title='bbox 360 2167 471 2216; x_wconf 90' lang='lat' dir='ltr'>plurimum</span> <span class='ocrx_word' id='word_1_285' title='bbox 482 2167 575 2212; x_wconf 89' lang='lat' dir='ltr'>valeant,</span> <span class='ocrx_word' id='word_1_286' title='bbox 592 2180 643 2217; x_wconf 89' lang='lat' dir='ltr'>quae</span> <span class='ocrx_word' id='word_1_287' title='bbox 656 2167 800 2204; x_wconf 82' lang='lat' dir='ltr'>confessarius</span> <span class='ocrx_word' id='word_1_288' title='bbox 812 2166 832 2203; x_wconf 92' lang='lat' dir='ltr'>in</span> <span class='ocrx_word' id='word_1_289' title='bbox 851 2178 900 2203; x_wconf 89' lang='lat' dir='ltr'>suas</span> <span class='ocrx_word' id='word_1_290' title='bbox 912 2178 960 2215; x_wconf 87' lang='lat' dir='ltr'>par·</span> 
     </span>
     <span class='ocr_line' id='line_1_35' title="bbox 150 2227 959 2271; baseline -0.002 -5"><span class='ocrx_word' id='word_1_291' title='bbox 150 2235 182 2266; x_wconf 87' lang='lat' dir='ltr'>tes</span> <span class='ocrx_word' id='word_1_292' title='bbox 195 2229 298 2267; x_wconf 86' lang='lat' dir='ltr'>deducere</span> <span class='ocrx_word' id='word_1_293' title='bbox 310 2229 399 2266; x_wconf 91' lang='lat' dir='ltr'>noverit.</span> <span class='ocrx_word' id='word_1_294' title='bbox 414 2229 494 2266; x_wconf 89' lang='lat' dir='ltr'>Verum</span> <span class='ocrx_word' id='word_1_295' title='bbox 506 2229 560 2265; x_wconf 91' lang='lat' dir='ltr'>enim</span> <span class='ocrx_word' id='word_1_296' title='bbox 571 2241 622 2265; x_wconf 88' lang='lat' dir='ltr'>vero</span> <span class='ocrx_word' id='word_1_297' title='bbox 631 2229 720 2265; x_wconf 90' lang='lat' dir='ltr'>seientia</span> <span class='ocrx_word' id='word_1_298' title='bbox 734 2229 806 2271; x_wconf 87' lang='lat' dir='ltr'>solain</span> <span class='ocrx_word' id='word_1_299' title='bbox 821 2227 959 2266; x_wconf 87' lang='lat' dir='ltr'>conscientia-</span> 
     </span>
     <span class='ocr_line' id='line_1_36' title="bbox 150 2289 959 2339; baseline -0.001 -13"><span class='ocrx_word' id='word_1_300' title='bbox 150 2302 196 2328; x_wconf 89' lang='lat' dir='ltr'>rum</span> <span class='ocrx_word' id='word_1_301' title='bbox 208 2290 294 2327; x_wconf 88' lang='lat' dir='ltr'>arhitris</span> <span class='ocrx_word' id='word_1_302' title='bbox 306 2291 340 2327; x_wconf 88' lang='lat' dir='ltr'>vix</span> <span class='ocrx_word' id='word_1_303' title='bbox 358 2289 465 2339; x_wconf 86' lang='lat' dir='ltr'>proficiet,</span> <span class='ocrx_word' id='word_1_304' title='bbox 478 2289 518 2327; x_wconf 88' lang='lat' dir='ltr'>nisi</span> <span class='ocrx_word' id='word_1_305' title='bbox 530 2289 583 2327; x_wconf 90' lang='lat' dir='ltr'>haec</span> <span class='ocrx_word' id='word_1_306' title='bbox 602 2289 700 2328; x_wconf 87' lang='lat' dir='ltr'>continua</span> <span class='ocrx_word' id='word_1_307' title='bbox 717 2290 830 2327; x_wconf 86' lang='lat' dir='ltr'>veritatum</span> <span class='ocrx_word' id='word_1_308' title='bbox 848 2289 959 2339; x_wconf 87' lang='lat' dir='ltr'>religiosa-</span> 
     </span>
     <span class='ocr_line' id='line_1_37' title="bbox 151 2348 961 2401; baseline -0.004 -14"><span class='ocrx_word' id='word_1_309' title='bbox 151 2363 195 2389; x_wconf 89' lang='lat' dir='ltr'>rum</span> <span class='ocrx_word' id='word_1_310' title='bbox 215 2351 348 2389; x_wconf 88' lang='lat' dir='ltr'>meditatione</span> <span class='ocrx_word' id='word_1_311' title='bbox 368 2352 470 2389; x_wconf 88' lang='lat' dir='ltr'>animetur</span> <span class='ocrx_word' id='word_1_312' title='bbox 488 2351 645 2401; x_wconf 88' lang='lat' dir='ltr'>nutriaturque,</span> <span class='ocrx_word' id='word_1_313' title='bbox 667 2357 688 2388; x_wconf 87' lang='lat' dir='ltr'>et</span> <span class='ocrx_word' id='word_1_314' title='bbox 702 2351 758 2388; x_wconf 89' lang='lat' dir='ltr'>vitae</span> <span class='ocrx_word' id='word_1_315' title='bbox 777 2349 915 2388; x_wconf 89' lang='lat' dir='ltr'>sanctimonia</span> <span class='ocrx_word' id='word_1_316' title='bbox 934 2348 961 2385; x_wconf 91' lang='lat' dir='ltr'>sit</span> 
     </span>
     <span class='ocr_line' id='line_1_38' title="bbox 153 2410 414 2461; baseline 0.008 -13"><span class='ocrx_word' id='word_1_317' title='bbox 153 2412 271 2461; x_wconf 89' lang='lat' dir='ltr'>conspicua.</span> <span class='ocrx_word' id='word_1_318' title='bbox 370 2410 372 2414; x_wconf 74' lang='grc'><strong>’</strong></span> <span class='ocrx_word' id='word_1_319' title='bbox 412 2417 414 2419; x_wconf 84' lang='grc'><strong>’</strong></span> 
     </span>
    </p>
   </div>
   <div class='ocr_carea' id='block_1_3' title="bbox 441 2530 671 2585">
    <p class='ocr_par' dir='ltr' id='par_1_6' title="bbox 441 2530 671 2585">
     <span class='ocr_line' id='line_1_39' title="bbox 441 2530 671 2585; baseline -0.004 -3"><span class='ocrx_word' id='word_1_320' title='bbox 441 2530 528 2585; x_wconf 83' lang='lat' dir='ltr'>{adoles</span> <span class='ocrx_word' id='word_1_321' title='bbox 543 2531 671 2585; x_wconf 86' lang='lat' dir='ltr'>earundem.</span> 
     </span>
    </p>
   </div>
   <div class='ocr_carea' id='block_1_4' title="bbox 149 2653 961 2825">
    <p class='ocr_par' dir='ltr' id='par_1_7' title="bbox 149 2653 961 2825">
     <span class='ocr_line' id='line_1_40' title="bbox 225 2653 960 2705; baseline -0.004 -12"><span class='ocrx_word' id='word_1_322' title='bbox 225 2653 243 2705; x_wconf 63' lang='grc' dir='ltr'>ξ,</span> <span class='ocrx_word' id='word_1_323' title='bbox 268 2653 316 2694; x_wconf 82' lang='lat'>113.</span> <span class='ocrx_word' id='word_1_324' title='bbox 341 2656 494 2693; x_wconf 79' lang='lat' dir='ltr'>instructiones</span> <span class='ocrx_word' id='word_1_325' title='bbox 517 2662 538 2693; x_wconf 88' lang='lat' dir='ltr'>et</span> <span class='ocrx_word' id='word_1_326' title='bbox 557 2655 722 2700; x_wconf 88' lang='lat' dir='ltr'>admonitiones,</span> <span class='ocrx_word' id='word_1_327' title='bbox 740 2667 791 2704; x_wconf 89' lang='lat' dir='ltr'>quas</span> <span class='ocrx_word' id='word_1_328' title='bbox 816 2653 960 2692; x_wconf 80' lang='lat' dir='ltr'>confessarius</span> 
     </span>
     <span class='ocr_line' id='line_1_41' title="bbox 149 2712 960 2765; baseline -0.001 -13"><span class='ocrx_word' id='word_1_329' title='bbox 149 2713 304 2765; x_wconf 84' lang='lat' dir='ltr'>poenitentibus</span> <span class='ocrx_word' id='word_1_330' title='bbox 320 2716 345 2753; x_wconf 92' lang='lat' dir='ltr'>ad</span> <span class='ocrx_word' id='word_1_331' title='bbox 362 2717 515 2764; x_wconf 88' lang='lat' dir='ltr'>procurandam</span> <span class='ocrx_word' id='word_1_332' title='bbox 531 2716 695 2752; x_wconf 89' lang='lat' dir='ltr'>emendationem</span> <span class='ocrx_word' id='word_1_333' title='bbox 713 2716 810 2763; x_wconf 83' lang='lat' dir='ltr'>vitaeque</span> <span class='ocrx_word' id='word_1_334' title='bbox 833 2712 960 2751; x_wconf 89' lang='lat' dir='ltr'>christianae</span> 
     </span>
     <span class='ocr_line' id='line_1_42' title="bbox 149 2774 961 2825; baseline -0.001 -12"><span class='ocrx_word' id='word_1_335' title='bbox 149 2774 302 2825; x_wconf 85' lang='lat' dir='ltr'>perfectionem</span> <span class='ocrx_word' id='word_1_336' title='bbox 319 2777 449 2823; x_wconf 86' lang='lat' dir='ltr'>impertitur,</span> <span class='ocrx_word' id='word_1_337' title='bbox 469 2774 493 2823; x_wconf 81' lang='lat' dir='ltr'>l]</span> <span class='ocrx_word' id='word_1_338' title='bbox 515 2779 645 2814; x_wconf 57' lang='lat' dir='ltr'>inarescente</span> <span class='ocrx_word' id='word_1_339' title='bbox 663 2776 706 2812; x_wconf 87' lang='lat' dir='ltr'>sint</span> <span class='ocrx_word' id='word_1_340' title='bbox 721 2786 792 2812; x_wconf 78' lang='lat' dir='ltr'>cnrncs</span> <span class='ocrx_word' id='word_1_341' title='bbox 811 2775 961 2825; x_wconf 65' lang='lat' dir='ltr'>cato-uateqae</span> 
     </span>
    </p>
   </div>
   <div class='ocr_carea' id='block_1_5' title="bbox 175 2907 651 2950">
    <p class='ocr_par' dir='ltr' id='par_1_8' title="bbox 175 2907 651 2950">
     <span class='ocr_line' id='line_1_43' title="bbox 175 2907 651 2950; baseline 0.002 -11"><span class='ocrx_word' id='word_1_342' title='bbox 175 2911 190 2948; x_wconf 88' lang='lat'>1)</span> <span class='ocrx_word' id='word_1_343' title='bbox 200 2908 225 2939; x_wconf 91' lang='lat'>11.</span> <span class='ocrx_word' id='word_1_344' title='bbox 236 2907 285 2940; x_wconf 84' lang='lat' dir='ltr'>Tim.</span> <span class='ocrx_word' id='word_1_345' title='bbox 295 2907 328 2939; x_wconf 91' lang='lat' dir='ltr'>Ill.</span> <span class='ocrx_word' id='word_1_346' title='bbox 339 2907 368 2938; x_wconf 83' lang='lat' dir='ltr'>to.</span> <span class='ocrx_word' id='word_1_347' title='bbox 379 2909 408 2940; x_wconf 75' lang='lat'>17.</span> <span class='ocrx_word' id='word_1_348' title='bbox 417 2926 441 2930; x_wconf 90' lang='lat'>—</span> <span class='ocrx_word' id='word_1_349' title='bbox 449 2911 466 2949; x_wconf 80' lang='lat'>2)</span> <span class='ocrx_word' id='word_1_350' title='bbox 476 2909 532 2941; x_wconf 88' lang='lat' dir='ltr'>Sess.</span> <span class='ocrx_word' id='word_1_351' title='bbox 542 2907 574 2940; x_wconf 89' lang='lat' dir='ltr'>Vl.</span> <span class='ocrx_word' id='word_1_352' title='bbox 584 2917 625 2950; x_wconf 86' lang='lat' dir='ltr'>cap.</span> <span class='ocrx_word' id='word_1_353' title='bbox 635 2910 651 2941; x_wconf 84' lang='lat'>1.</span> 
     </span>
    </p>
   </div>
   <div class='ocr_carea' id='block_1_6' title="bbox 0 0 1033 3193">
    <p class='ocr_par' dir='ltr' id='par_1_9' title="bbox 0 0 1033 3193">
     <span class='ocr_line' id='line_1_44' title="bbox 0 0 1033 3193; baseline 0 0"><span class='ocrx_word' id='word_1_354' title='bbox 0 0 1033 3193; x_wconf 95' lang='lat' dir='ltr'> </span> 
     </span>
    </p>
   </div>
  </div>
 </body>
</html>
