2056 3193
133 156 178 200 222

135 277 179 316 tua,
197 271 239 308 nisi
250 269 389 306 sanctificatio
403 271 489 306 nostra?
506 270 551 306 Non
564 270 617 307 enim
630 268 698 319 exigis
718 283 729 306 a
746 272 816 318 nobis,
833 271 874 309 nisi
889 270 941 321 quod

135 332 201 382 prosit
212 331 280 374 nobis,
293 342 332 367 non
345 330 393 376 tibi,
406 330 440 381 qui
450 331 551 368 bonorum
564 337 683 368 nostrorum
695 342 735 367 non
748 344 806 382 egos.
830 330 855 380 3]
867 326 940 370 llllodus

136 392 236 431 faciendi:
254 388 320 429 Stant
330 394 352 430 tn
365 391 425 430 coelo
439 393 464 430 ab
476 393 574 444 Angelis,
593 392 627 430 ubi
638 392 693 429 nulla
705 398 738 429 est
750 393 836 432 rebellio
848 395 941 432 volunta-

136 455 161 492 tis
172 453 268 502 iniquae:
285 453 315 491 ita
332 454 428 506 integre,
445 462 536 504 promto,
554 454 667 499 velociter,
680 453 771 498 fortiter,
784 463 886 502 amanter,
899 456 940 494 ala-

135 515 200 552 criter
211 514 248 551 liat
258 515 279 552 in
291 517 367 561 terris,
379 517 414 553 ubi
424 517 527 554 resistere
539 515 640 552 voluntati
652 521 706 560 tuae,
724 521 757 552 est
768 516 823 553 nolle
836 517 883 555 duci
894 529 941 556 sua·

133 576 195 619 viter,
209 576 306 614 funiculis
320 576 440 621 charitatis,
449 577 500 626 qnod
514 583 546 613 est
557 576 653 620 hominis,
666 576 703 613 sed
715 577 768 613 velle
781 576 837 627 cogi,
852 578 941 624 jumenti

133 637 208 679 instar,
221 637 300 673 viribus
313 637 429 685 potentiae,
441 638 473 673 vel
487 636 540 673 trabi
552 637 641 673 vinculis
650 636 739 683 justitae
751 643 805 673 tuae.
825 633 941 675 „Decerne

133 696 222 731 Domine
234 695 305 732 faeere
317 697 445 732 voluntatem
457 702 523 739 tuam,
537 696 583 744 quia
594 696 652 732 Deus
664 702 722 732 meus
735 707 758 732 es
771 695 812 732 tu.”
830 692 887 732 Ecce
899 693 942 733 Do-

134 755 197 798 mine,
211 766 300 792 „seruus
313 761 361 792 tuns
374 767 418 792 snm
431 767 471 806 ego
483 742 581 799 Domine,
595 755 641 804 qnid
653 768 685 792 me
696 755 730 792 vis
743 755 828 793 facere?
846 756 942 805 Loquere

133 816 232 860 Domine,
251 816 297 865 quia
309 816 365 853 audit
377 828 451 853 servus
464 816 532 854 tuus.¹'

175 939 220 991 IV.
240 940 340 991 Panem
353 947 472 992 nostrum
486 940 667 1009 quotidianum
681 940 803 991 danobis
816 939 902 991 bodie,

211 1065 234 1116 l]
247 1067 334 1106 Panem
344 1071 431 1117 prateae
443 1072 465 1106 et
474 1068 535 1107 verbi
547 1067 596 1107 Dei.
614 1069 658 1106 Non
672 1069 725 1106 enim
737 1069 757 1105 in
770 1069 814 1106 solo
827 1081 879 1118 pane
892 1068 943 1105 vivit

135 1129 210 1175 lromo3
228 1130 264 1166 sed
277 1136 298 1166 et
309 1130 389 1167 animae
402 1130 500 1167 subsidiis
513 1143 563 1179 opus
575 1130 644 1167 babet.
672 1131 723 1167 Nam
736 1136 759 1167 ut
771 1130 845 1179 duplex
857 1136 890 1167 est
901 1130 944 1167 vita

136 1190 235 1236 bominis,
252 1191 281 1228 ita
293 1191 370 1240 duplici
389 1204 469 1242 quoque
488 1192 533 1229 cibo
550 1203 587 1229 seu
598 1204 651 1241 pane
663 1192 761 1229 nutritur.
785 1188 810 1238 2)
825 1191 944 1241 Praecipue

135 1265 215 1303 panem
232 1255 312 1297 violam,
332 1253 365 1303 qui
382 1253 406 1290 de
425 1254 483 1291 coelo
495 1253 613 1299 descendit;
632 1265 705 1302 panem
720 1253 942 1302 supersubstantialem

136 1314 315 1358 Eucliaristicum,
339 1314 372 1364 qui
390 1314 500 1351 confirmat
518 1327 553 1352 cor
571 1314 674 1358 hominis,
698 1321 719 1351 et
736 1314 832 1363 spiritum
851 1315 942 1351 roborat.

136 1371 161 1421 3]
175 1374 260 1412 Panem
272 1374 424 1425 corporalem,
443 1375 498 1412 vitae
516 1375 665 1412 sustentandae
682 1375 837 1418 necessarium,
854 1386 943 1423 proquo

135 1441 204 1471 tamen
216 1435 266 1472 adeo
279 1447 319 1471 non
331 1436 374 1485 vult
385 1447 423 1472 nos
436 1448 484 1472 esse
497 1435 609 1479 sollicitos,
629 1441 664 1472 aut
676 1435 737 1471 nimis
750 1435 833 1478 anxios,
852 1441 874 1471 ut
886 1447 897 1471 a
908 1435 943 1470 be-

136 1495 253 1532 nedictione
265 1496 333 1532 divina
345 1508 391 1532 eum
403 1496 523 1544 exspectari
530 1495 609 1543 jubeat,
632 1491 659 1542 4]
671 1494 791 1539 Nostram,
810 1507 850 1531 non
865 1505 943 1537 memn,

135 1561 206 1602 utpote
226 1567 364 1599 conmmnem,
384 1555 470 1592 etintcr
482 1556 560 1592 fratres
572 1555 713 1604 partiendum,
733 1555 767 1603 qui
778 1555 865 1591 eundem
877 1556 944 1591 Demn

134 1615 220 1651 Patrem
233 1616 381 1665 cognoscimus
394 1615 493 1659 omnium,
506 1615 540 1664 qui
552 1615 604 1652 dona
616 1627 653 1652 sua
665 1627 704 1651 non
716 1614 751 1651 uni
763 1615 796 1651 vel
807 1614 891 1663 paucis,
908 1613 944 1650 sed

135 1676 259 1714 necessitati
277 1676 366 1715 omnium
385 1677 466 1714 servire
478 1676 548 1714 voluit.
571 1671 597 1724 5]
612 1673 777 1723 Quotidianae.
797 1674 821 1714 Si
839 1675 863 1713 de
882 1674 943 1725 spiri-

135 1737 195 1785 tuali,
208 1750 247 1777 non
259 1738 326 1786 illum,
346 1738 379 1791 qui
391 1745 423 1778 est
434 1751 547 1790 paucorum
560 1737 697 1792 singulariter
710 1737 845 1784 dilectorum,
864 1737 944 1789 quoin·

135 1803 220 1856 dignum
234 1816 265 1841 me
276 1809 350 1854 reputo
363 1803 400 1842 sed
413 1816 552 1849 communem,
577 1803 637 1855 quasi
654 1802 772 1854 portionem
789 1802 945 1847 necessariam,

136 1867 180 1904 sine
193 1879 232 1917 qua
244 1879 283 1904 non
295 1867 372 1905 vivitur
377 1882 382 1913 ς
395 1867 424 1905 ita
436 1868 498 1905 etiam
511 1867 528 1904 si
540 1867 564 1904 ‹le
577 1866 682 1916 corporali
694 1866 817 1916 accipiatur,
829 1877 869 1903 non
882 1865 945 1903 abun-

136 1929 217 1966 dantem
230 1929 254 1966 ad
266 1929 335 1966 luxum
349 1935 369 1966 et
381 1930 475 1981 genium,
489 1941 527 1966 nco
539 1930 609 1978 plures
623 1940 687 1966 annos
700 1927 852 1977 reponendmn,
871 1921 908 1964 sed
921 1926 945 1963 ad

136 2002 195 2027 usum
208 1997 228 2028 et
239 1991 388 2028 necessitatem
401 1991 546 2041 quotidianam.
571 1987 596 2037 [i]
608 1988 646 2027 Da
656 1989 731 2035 euobis:
744 2001 781 2038 pro
794 1988 888 2026 omnibus
901 1994 945 2025 tan-

137 2064 195 2102 quam
208 2052 309 2089 fratribus
321 2052 442 2101 petendum,
462 2051 545 2089 etiamsi
563 2051 653 2101 alioquin
671 2050 798 2094 odientibus,
820 2056 893 2088 „orote
908 2061 945 2098 pro

136 2114 309 2164 persequentibus
323 2120 343 2151 et
355 2113 529 2152 calumniantibus
541 2113 603 2159 vos,’⁷
627 2118 647 2150 et
658 2112 677 2149 si
688 2111 767 2149 videris
779 2111 886 2149 inimicum
899 2123 945 2148 esu-

136 2176 236 2221 rientem,
255 2175 302 2213 ciba
313 2176 377 2213 illum.
401 2172 426 2222 l)
438 2174 520 2219 Hodie,
540 2175 642 2225 quiavult
654 2186 691 2211 nos
704 2173 794 2223 quotidie
806 2180 879 2222 petere
892 2184 945 2210 sem-

136 2249 214 2286 perque
226 2238 251 2274 ab
264 2237 308 2284 ejus
320 2237 411 2285 pendere
424 2236 568 2286 providentia,
593 2238 667 2273 avocat
679 2235 740 2272 etiam
754 2246 766 2271 a
777 2235 883 2283 superflua
897 2245 948 2270 cura

141 2297 164 2332 de
183 2298 288 2342 erastino,
314 2297 339 2334 ad
357 2297 471 2346 exeniplnm
491 2297 550 2333 datae
569 2297 616 2333 olim
633 2297 723 2332 Mannae
741 2295 761 2331 in
780 2294 877 2345 singulos
895 2293 946 2330 dies.

141 2356 215 2394 „Oculi
232 2358 321 2394 omnium
338 2357 359 2393 in
378 2363 397 2394 te
416 2363 502 2405 sperant
516 2357 611 2393 Domine.
635 2358 667 2392 Tu
680 2356 715 2392 das
727 2355 768 2391 illis
781 2367 851 2392 escam
862 2354 883 2389 in
896 2359 947 2389 tem-

138 2427 188 2464 pore
200 2423 327 2466 opportuno:
346 2417 417 2465 aperis
430 2429 511 2453 manum
524 2422 590 2460 tuam,
607 2422 627 2452 et
638 2416 712 2463 imples
725 2426 784 2451 omne
797 2413 872 2451 animal
884 2413 946 2449 bene-

139 2475 248 2515 dictiono.”

137 2598 169 2651 V.
184 2597 290 2651 Dimitte
304 2597 380 2652 nobis
395 2596 484 2650 debita
495 2604 596 2664 nostra,
612 2596 679 2648 sicut
693 2602 718 2649 ei
732 2614 779 2648 nos
795 2591 947 2647 dimittimus

402 2677 565 2728 debitoribus
585 2675 689 2726 nostris.
716 2687 720 2696 ·

213 2788 237 2839 l]
255 2791 326 2828 Multis
338 2793 392 2830 enim
403 2792 478 2830 debitis
491 2793 536 2829 Deo
549 2803 620 2828 sumus
632 2790 728 2828 obnoxii:
745 2789 766 2826 in
779 2788 848 2826 multis
861 2787 947 2827 offendi·

137 2867 182 2892 mus
194 2865 277 2898 onmes,
296 2859 337 2890 tum
350 2855 373 2891 ob
387 2855 440 2892 mala
452 2854 575 2898 commissa,
593 2859 635 2890 tum
648 2853 672 2890 ob
685 2853 738 2889 bona
751 2850 838 2896 omissa,
852 2863 903 2901 qnae
916 2851 946 2888 fa-

138 2928 186 2953 cere
198 2915 313 2953 debuimus
327 2914 372 2950 Nisi
384 2916 441 2952 Dens
453 2925 479 2952 ex
492 2914 638 2952 misericordia
649 2912 749 2956 dimittat,
763 2912 807 2961 quis
820 2911 947 2949 sustinebit?

139 2977 163 3016 Si
174 2990 210 3027 pro
223 2978 296 3028 rigore
305 2975 401 3025 justitiae
413 2989 478 3028 agere
490 2976 587 3021 voluerit,
597 2976 642 3026 quis
654 2973 733 3024 poterit
744 2986 806 3011 unum
818 2972 948 3023 respondere
