2056 3193
162 60 205 110 tra

162 199 223 237 ceps,
242 193 290 226 tune
302 184 436 225 differendum
452 190 493 229 est,
511 184 591 236 alioque
604 183 714 222 sacerdote
726 183 830 222 utendum.
844 183 870 222 Ut
881 184 965 234 eompli-

163 250 193 287 eis
206 250 271 287 famae
288 247 338 296 apud
351 246 503 284 confessarium
520 254 627 296 pareatur,
645 258 733 284 neeesse
750 253 868 284 tamennon
882 252 927 292 est,
944 253 967 284 ut

163 311 269 358 poenitens
281 313 315 343 aut
327 307 364 344 dtu
379 307 462 344 differat
475 308 639 350 eoufessiouem,
657 313 691 343 aut
704 320 749 344 eum
762 306 855 343 notabili
872 308 968 345 molestia

163 367 312 407 eorrfessarium
326 374 397 404 mutet.

363 485 452 536 {tarsae
467 482 632 535 ooulessioueru
647 482 770 534 irritantes.

238 612 255 665 ξ.
270 608 303 649 ll.
324 609 423 658 Quoniam
442 609 546 648 confessio
565 610 724 648 sacramentalis
743 623 768 648 ex
787 611 856 648 tausis
875 611 968 662 pluribus

161 674 222 711 irrita
235 687 282 711 esse
294 679 370 722 potest,
384 686 433 723 aquas
447 672 598 710 rorifessarium
611 673 667 711 seire
679 680 771 722 oportet,
791 680 813 711 ut
825 674 887 712 saluti
898 674 968 723 poeui-

161 736 248 772 tentium
261 734 370 770 consulere
383 740 457 782 queat,
476 734 535 770 brevi
548 735 668 782 compendio
681 747 717 771 eas
729 735 842 784 indigitare
850 735 923 781 juvat,
943 748 969 772 ex

161 796 195 838 iis,
208 795 310 843 quaejam
323 794 378 830 dieta
390 800 445 837 suut,
458 800 493 830 aut
503 794 558 830 iufra
570 794 672 838 dicentur,
683 801 837 842 promanantes.
850 796 878 831 Et
889 795 969 843 quidem

161 855 241 891 ratione
255 853 379 890 confessarii
390 853 486 889 irritatur
499 855 658 890 sacramentalis
672 853 776 890 confessio
790 861 810 890 et
821 854 917 890 iteranda
929 861 969 898 est,

162 915 180 952 si
194 913 336 952 confessarius
355 919 426 949 eareat
444 919 548 962 potestate
561 913 645 950 Ordinis
664 914 696 950 vel
709 913 881 959 ¹iurisdictionis,
899 915 933 951 vel
952 914 970 950 si

161 976 226 1027 ipsius
242 974 361 1024 jurisdictio
374 986 410 1023 per
423 986 533 1012 censuram
553 975 720 1012 eeclesiasticam
740 975 767 1012 sit
779 975 883 1024 impedita.
904 975 969 1023 [Vide

163 1039 228 1090 Caput
239 1040 264 1076 ll.
277 1038 335 1075 Part.
348 1039 375 1085 l.)
388 1036 444 1076 ldem
457 1037 571 1083 dicendum,
585 1037 603 1075 si
615 1037 751 1077 absolutionis
764 1037 851 1076 formam
864 1050 902 1076 non
915 1037 970 1076 dieat

161 1103 195 1140 vel
207 1107 332 1151 eor-rumpat.

238 1163 326 1200 Ratione
346 1162 470 1212 poenitentis
489 1164 555 1200 nuruis
575 1163 679 1200 confessio
697 1163 759 1200 irrita
778 1170 810 1200 est
829 1170 849 1200 et
867 1164 969 1208 iteranda,

162 1228 185 1271 a]
198 1237 250 1273 quae
262 1224 284 1259 fit
303 1224 380 1272 alasque
392 1224 506 1260 mammone
518 1224 646 1271 suscipiendi
659 1225 819 1260 ›Sam-amentum
831 1225 899 1271 ipsum
917 1225 970 1261 Poe·

162 1285 268 1320 nitentiae.
287 1284 311 1329 h]
326 1282 382 1329 Quae
402 1295 427 1318 ox
445 1283 559 1319 intentione
578 1284 684 1319 mutilatur
697 1289 757 1319 extra
769 1294 831 1319 rasus
844 1284 970 1331 ajureper-

162 1344 244 1380 missos.
259 1345 281 1388 e)
295 1342 351 1389 Quae
364 1348 423 1378 earet
435 1343 489 1378 omni
501 1343 572 1378 dolore
585 1354 609 1379 ac
623 1343 762 1379 detestatione
775 1343 862 1389 [receati.
876 1343 900 1388 d]
914 1341 969 1389 Quae

162 1404 185 1441 fit
197 1416 242 1441 eum
260 1402 395 1440 iusulfieienti
413 1403 497 1447 dolore,
517 1403 575 1451 errius
594 1403 723 1451 irriperleotio
743 1416 754 1439 a
772 1403 889 1450 poenitente
909 1402 969 1440 facile

163 1465 264 1519 cognosci
281 1471 357 1516 potest.
378 1466 400 1513 θ’)
420 1463 476 1514 Quae
495 1465 517 1503 fit
536 1465 580 1503 siue
594 1463 653 1514 justa
672 1463 813 1503 eonscientiae
832 1463 969 1503 disoussiuue.

162 1531 182 1578 f)
196 1529 251 1578 Quae
263 1529 286 1566 fit
298 1530 375 1579 absquo
383 1529 488 1567 uoluntate
501 1529 651 1566 satisfaciendi.
666 1529 815 1566 Verumtamen
828 1529 846 1565 si
858 1528 911 1579 auria,
924 1528 970 1566 dum

164 1592 281 1635 rorrlitetur,
294 1598 372 1628 statuat
384 1591 516 1636 satisfame,
535 1597 607 1639 postea
618 1604 668 1628 vero
681 1604 720 1628 riou
738 1592 829 1639 impleat,
848 1591 903 1629 illius
922 1603 970 1628 eou-

164 1654 227 1690 fessio
240 1665 279 1689 raon
293 1659 325 1689 est
338 1652 439 1689 iteranda,
460 1653 525 1690 ets‘iue
538 1653 665 1701 poenitentia
684 1653 737 1689 enim
750 1658 798 1689 sunt
810 1653 862 1689 dona
879 1651 932 1689 De'”
944 1650 969 1698 ¹).

163 1716 189 1764 g]
203 1713 259 1759 Quae
271 1713 379 1760 deponitur
391 1719 450 1748 extra
463 1713 535 1749 urm-tis
548 1713 658 1749 articulum
671 1713 723 1760 apud
731 1713 862 1749 sacerdotem
874 1713 893 1748 iu
906 1719 970 1748 mate-

163 1774 195 1808 ria
206 1772 287 1808 lubrica
299 1779 319 1806 et
331 1772 385 1818 turpi
399 1772 526 1818 complicem.
546 1772 600 1807 Vide
612 1771 630 1822 ξ.
642 1768 679 1809 42.
692 1785 710 1807 u.
724 1769 743 1808 2.
762 1773 873 1807 Postremo
886 1778 971 1818 propter

164 1843 225 1869 casus
238 1837 359 1868 reservatos
371 1831 466 1867 iteranda
478 1838 510 1867 est
522 1831 638 1875 confessio,
652 1831 670 1867 si
680 1831 779 1867 videlieet
790 1831 890 1866 facultate
909 1831 932 1866 ab
945 1830 971 1865 iis

163 1892 283 1931 absolvendi
295 1891 438 1929 confessarius
451 1898 529 1929 eareat.
544 1914 573 1919 —
592 1891 691 1929 Ceterum
703 1891 813 1928 tenendum
828 1896 861 1927 est
873 1891 970 1927 monitum

162 1957 186 1996 Ρ,
200 1956 299 2010 Segueri,
312 1968 350 2007 quo
364 1954 469 2006 sapienter
489 1955 562 2003 docet,
582 1968 621 1994 nou
640 1954 685 1994 dari
697 1953 845 2008 obligationem
864 1952 972 2004 repetendi

164 2020 322 2064 confessiones,
341 2019 382 2056 uisi
393 2018 413 2055 iu
427 2032 477 2057 earu
489 2020 612 2057 manifestae
625 2019 774 2064 necessitatis,
794 2018 846 2056 etin
859 2030 897 2067 quo
910 2029 970 2055 error

164 2082 192 2120 sit
204 2082 294 2120 evidens.

430 2199 522 2250 lanitio
544 2198 704 2251 consessionis.

240 2319 258 2373 ξ.
271 2316 306 2359 l8.
319 2322 350 2357 Au
362 2320 445 2369 partitio
459 2320 598 2358 confessionis
610 2320 657 2357 fieri
669 2320 748 2369 possit,
768 2326 864 2369 quantum
882 2319 906 2356 ad
924 2331 971 2355 cou-

165 2383 289 2428 fossarium,
307 2382 320 2418 i.
334 2394 351 2419 e.
365 2387 386 2419 ut
398 2382 443 2432 quis
456 2382 555 2432 quaedam
570 2387 657 2432 peecata
669 2382 716 2425 uni,
736 2381 816 2431 reliqua
835 2380 896 2418 alteri
908 2379 971 2416 eonfi-

165 2452 232 2486 teatur
245 2445 368 2485 sacerdoti?
381 2445 471 2484 Praeter
483 2446 627 2499 iutegritatem
641 2443 780 2484 confessionis
794 2457 819 2484 ex
830 2450 890 2496 parte
901 2442 971 2494 poeui-

165 2510 227 2548 tautis
239 2509 353 2560 requiritur
373 2509 396 2546 ad
415 2511 589 2548 sacramentalem
602 2509 754 2547 confessionem
767 2508 881 2560 integritas
894 2519 972 2558 quoque

167 2578 261 2619 exparte
280 2570 383 2615 ministri,
401 2570 414 2607 i.
428 2583 445 2607 e.
458 2577 480 2608 ut
499 2572 532 2609 um
552 2571 657 2620 eidemque
677 2571 772 2607 dieantur
791 2570 859 2607 onmia
877 2575 971 2618 peecata,

165 2631 220 2682 quia,
239 2632 292 2669 siout
304 2634 360 2669 Deus
374 2644 412 2669 nou
425 2632 514 2670 remittit
525 2645 586 2670 uumu
599 2638 707 2682 peecatum
720 2632 807 2669 mortale
820 2631 865 2668 siue
878 2629 924 2675 alio,
942 2631 972 2669 ita

165 2693 210 2740 ejus
224 2693 316 2729 minister
329 2706 368 2730 uou
376 2698 446 2741 potest
454 2694 638 2737 urrarmmmrittere,
651 2692 698 2741 qum
711 2692 778 2729 omnia
789 2691 890 2729 remittat.
902 2691 973 2742 Neque

164 2753 218 2789 euim
232 2752 293 2788 ullum
305 2760 412 2798 peccatum
426 2753 513 2796 tollitur,
531 2754 572 2790 uisi
583 2766 621 2800 per
633 2752 776 2789 inhaerentem
790 2751 882 2801 gratiam
894 2752 972 2790 saneti·

188 2885 204 2922 ⁴)
214 2884 270 2917 Rom.
280 2882 313 2916 XI.
322 2882 352 2915 29.
