2056 3193
96 76 141 119 296
187 120 190 123 ⁴

96 190 183 227 nitentis
196 189 320 241 dignitatem
332 196 441 234 versatur,
454 189 553 229 obtinent.
566 189 614 228 Jam
627 192 679 242 qnod
691 191 766 230 licetiu
775 192 835 231 dubio
847 192 906 239 iacti,

95 264 136 290 non
149 250 323 290 transferendum
332 258 365 290 est
378 252 402 290 ad
415 264 498 298 casum,
510 252 531 291 in
544 265 582 304 qno
595 253 666 305 'agitur
678 256 702 294 dc
714 255 774 294 dubio
782 255 844 305 juris.

169 310 196 361 4)
208 314 231 351 In
242 315 330 352 Parrum
342 314 454 353 traditione
472 315 540 353 forma
551 315 695 353 Paenitentiae
712 317 851 357 conditionata
862 318 906 356 iru-

97 384 144 415 stra
156 376 265 427 qrraeritur
280 376 322 414 nisi
334 376 359 414 ad
374 377 477 414 internam
492 377 568 415 inentis
582 377 719 416 intentionem
730 380 801 418 verbis
814 393 853 419 non
872 393 907 418 cx·

95 450 192 489 pressam
205 438 321 490 confugere
336 438 431 476 velimus.
448 437 490 476 Sed
502 437 552 476 nibil
565 451 645 489 quoque
658 446 704 485 est,
720 441 773 490 quod
790 443 853 480 talem
867 443 906 480 Pa-

38 501 42 506 ’
97 508 152 538 trum
164 500 303 538 intentionem
315 500 374 538 nobis
385 499 472 545 indicet,
484 512 532 538 nam
544 500 563 537 si
573 507 657 549 putant,
669 502 746 539 Patres
758 509 872 551 propterca
886 504 907 541 in

95 562 209 599 intentione
222 562 298 599 saltem
313 561 454 599 conditionata
469 561 517 599 esse
532 573 582 598 usos
595 562 676 606 forma,
695 563 743 611 quia
754 569 852 613 tanquam
866 564 922 601 viri·

95 623 123 672 pii
131 623 161 660 sic
170 622 379 671 declinarepoterant
387 623 465 660 crimen
473 622 583 673 sacrilegii
588 628 623 660 aiat
628 622 790 669 irreverentiae,
797 624 818 663 id
826 624 906 674 quidem

95 683 145 721 nihil
161 684 244 721 evincit.
264 683 300 721 Sic
317 696 334 720 c.
354 696 387 734 gr.
403 683 421 720 si
438 683 548 720 redeamus
561 683 586 720 ad
600 684 742 732 Baptismum,
769 696 829 734 quem
845 685 908 723 alicui

95 744 263 782 administratum
281 756 328 781 csse
345 743 460 788 dubitator,
481 744 558 781 Patres
575 744 658 788 volunt,
683 744 784 792 ejusrnodi
804 744 908 784 bominem

95 806 219 855 simpliciter
230 805 345 855 baptizari,
361 817 427 855 neque
439 805 565 842 mentionem
577 805 658 843 faciunt
669 805 791 843 intentionis
806 807 907 845 conditio-

90 873 166 919 natac,
186 867 233 916 qnia
246 867 286 904 alia
300 866 381 903 ratione
398 873 495 904 avertere
508 878 520 903 a
535 878 557 903 se
570 866 683 903 moliuntur
696 866 774 904 crimen
787 867 907 918 sacrilegae

94 927 249 972 reiterationis,
268 927 326 975 ajunt
338 927 448 965 videlicet:
462 927 521 966 „non
533 932 566 963 est
577 927 691 972 iteratum,
704 927 756 977 qrrod
768 928 846 965 iactum
860 940 921 965 esse<

95 989 176 1025 drnnino
189 987 283 1025 nescitur
291 985 330 1035 ¹].''
343 988 399 1025 ldcm
412 988 474 1025 ctiam
486 987 510 1025 de
519 987 682 1025 Confirmatione
694 987 762 1032 dubia,
775 988 804 1025 ait
816 988 839 1026 S.
849 977 915 1026 'Gress

95 1049 168 1099 gorius
175 1047 201 1096 ²].
213 1049 300 1093 Patres,
317 1049 365 1098 quia
381 1048 411 1085 ita
425 1049 547 1097 loquuntur,
568 1054 626 1085 certe
638 1040 683 1085 sino
696 1049 779 1086 occulta
792 1048 907 1086 intentione

96 1109 258 1147 Sacramentum
271 1109 430 1146 administrasse
443 1108 543 1146 censendi
554 1115 608 1146 sunt.

169 1165 195 1217 ὃ)
207 1170 266 1207 Libri
282 1169 380 1213 rituales,
400 1170 434 1218 qui
446 1168 554 1218 ceteroqui
569 1168 665 1208 minimas
680 1175 861 1207 sacramentorum
874 1182 907 1208 ee·
948 1208 950 1211 ,

93 1231 199 1268 remonias
211 1230 313 1274 indicant,
332 1234 353 1265 et
363 1229 493 1278 Baptismum
505 1241 586 1279 qnoque
598 1228 676 1266 seriori
687 1235 781 1277 ternpore
799 1242 846 1267 cnm
858 1242 906 1268 con-

94 1290 171 1327 ditione
187 1290 280 1328 conferri
294 1301 357 1339 posse
370 1289 478 1334 adnotant,
495 1301 584 1338 prorsus
597 1289 660 1326 silent
671 1289 696 1326 de
709 1290 839 1328 absolutione
858 1303 907 1329 con-

94 1351 205 1395 ditionata,
225 1351 288 1388 ctiam
299 1350 334 1387 ubi
346 1350 370 1387 de
382 1351 454 1400 pueris
465 1350 594 1388 moribundis
611 1351 734 1400 loquuntur3
754 1357 814 1388 certo
829 1363 868 1389 non
881 1365 907 1389 ex

93 1412 226 1463 negligentia
238 1419 273 1449 aut
284 1412 378 1455 inscitia,
395 1412 431 1449 sed
444 1412 490 1461 qnia
502 1423 569 1460 neque.
581 1411 670 1456 licitam,
683 1424 750 1461 neque
762 1413 906 1450 necessariora

90 1473 218 1522 judicarunt.
242 1472 357 1522 Speeiatim
375 1472 513 1510 Sacerdotale
528 1473 654 1517 Romanum,
672 1473 725 1521 quod
743 1473 843 1510 Albertns
868 1473 906 1511 Oa·

94 1534 195 1571 stellarius
209 1534 347 1578 concinnavit,
360 1540 381 1570 et
392 1533 459 1571 Leoni
469 1534 494 1572 X.
508 1532 531 1571 S.
539 1533 562 1570 P.
572 1533 705 1583 nuncuparit,
718 1533 774 1571 aPio
786 1534 823 1571 IV.
837 1547 905 1573 ernen-

93 1596 175 1640 datum5
195 1601 225 1641 et,
245 1602 267 1634 ut
278 1595 348 1633 multis
360 1595 453 1640 videtur,
471 1595 618 1646 approbatum,
637 1595 684 1634 dum
697 1595 840 1646 deBaptismo
857 1609 905 1636 con·

94 1657 193 1696 ditionato
214 1658 267 1710 agit,
284 1658 308 1696 ad
322 1658 440 1709 marginem
451 1663 520 1696 notat:
538 1656 622 1697 >isacus
639 1657 814 1697 inaSaeramento
830 1659 905 1698 Poeni·

98 1720 186 1766 tentiae,
202 1720 255 1771 quod
267 1733 306 1759 non
318 1720 389 1758 liceto

169 1779 194 1830 d)
209 1783 280 1833 licque
298 1782 381 1820 concilii
397 1780 484 1830 alicujus
503 1782 629 1819 auctoritate
646 1782 748 1820 absolutio
767 1783 908 1822 conditionata
926 1786 928 1790 '

94 1844 179 1889 nititur,
198 1844 238 1881 imo
256 1844 325 1893 potius
337 1850 452 1892 praecavet
467 1843 583 1881 Concilium
595 1843 751 1887 Tridentinum,
771 1856 795 1880 ne
808 1845 906 1893 quispri-

94 1912 156 1943 ratus
168 1906 232 1943 ritum
243 1905 264 1942 in
279 1905 368 1942 solemni
380 1904 566 1942 Sacramentorum
582 1903 761 1941 administratione
781 1911 906 1949 contemnat,

95 1972 131 2003 ant
142 1966 234 2010 omittat,
248 1972 283 2003 aut
294 1966 315 2003 iu
327 1977 391 2003 novos
404 1965 455 2002 alios
467 1971 539 2003 mutet.
553 1964 602 2002 Jam
613 1965 632 2001 si
643 1964 720 2002 nemini
730 1965 810 2003 licitum
823 1971 865 2011 est,
878 1966 907 2003 ri-

94 2033 128 2064 tus
141 2027 282 2065 accidentales
296 2026 390 2071 variare,
412 2027 475 2063 nrrrlto
491 2026 559 2063 minus
573 2026 641 2074 ipsam
663 2025 797 2063 Sacramenti
818 2026 907 2065 formam

94 2089 216 2133 immutare,
230 2094 265 2125 ant
277 2094 372 2132 vertere,
384 2087 510 2136 permissum
524 2086 565 2123 erit
576 2087 665 2136 privatis
677 2086 788 2139 theologis.
804 2089 844 2125 Est
855 2100 906 2126 vero

94 2150 162 2186 foruna
179 2149 313 2188 Sacramenti
330 2148 476 2186 Poenitentiac
492 2160 517 2185 ex
531 2148 642 2195 Ecclesiae
663 2160 737 2186 sensu:
758 2150 854 2200 „bigote
872 2149 906 2187 ab·

95 2211 179 2256 salvos<
192 2210 245 2249 baec
256 2211 327 2260 utique
340 2216 372 2248 est
384 2209 492 2255 absoluta,
505 2221 545 2247 non
557 2209 704 2247 conditionata.

169 2269 194 2320 7)
214 2271 272 2320 Quod
288 2271 370 2309 tandem
386 2283 449 2310 casus
461 2271 532 2308 varios
545 2271 662 2316 attinetsin
675 2271 749 2321 quibus
765 2272 906 2310 conditionate

95 2340 174 2372 tantum
194 2333 274 2371 absolvi
285 2333 362 2383 possit,
381 2332 439 2381 ajunt
450 2333 498 2370 illos
510 2344 550 2370 non
563 2344 610 2370 esse
624 2332 668 2381 ejus
680 2332 766 2377 indolis,
782 2339 856 2370 utnon
868 2344 906 2382 per

94 2395 245 2433 absolutionem
254 2394 446 2440 inconditionatam,
459 2394 538 2444 quando
551 2393 688 2432 absolutionis
698 2393 822 2443 prorogatio
841 2393 906 2431 omni-

93 2469 119 2494 no
141 2456 209 2494 locnm
228 2455 304 2493 babere
316 2455 398 2505 nequit,
411 2456 527 2493 solvantur,
545 2454 615 2502 erare
628 2453 734 2491 obtinente
748 2460 828 2492 tantum
840 2454 905 2493 (leobio

92 2518 127 2554 vel
145 2518 171 2555 dc
184 2518 317 2568 perstiteritis
329 2516 488 2566 dispositione,
512 2515 531 2552 si
542 2515 597 2552 adsit
609 2517 685 2563 procis
696 2518 818 2554 neccessitas
821 2545 829 2566 7
854 2528 906 2566 qnae

95 2578 246 2616 absolutionem
258 2578 344 2616 differre
356 2577 470 2622 dissuadet,
482 2570 626 2626 velprolribet,
638 2582 694 2625 puta,
707 2579 730 2624 a)
738 2576 855 2626 periculum
867 2577 906 2615 dtt-
940 2624 941 2627 Ἰ

95 2639 221 2684 imitationis,
232 2641 266 2677 nel
278 2638 380 2683 scandali,
392 2638 425 2675 vel
434 2638 508 2683 damni,
520 2638 544 2685 b]
556 2638 673 2688 perieulum
685 2637 771 2682 mortis,
783 2638 817 2676 vel
825 2637 851 2676 de
862 2640 907 2677 otte

91 2702 237 2752 postulantis,
256 2701 335 2739 licitum
348 2706 396 2737 csse
408 2700 480 2737 volunt
492 2699 616 2749 simpliciter
629 2698 781 2736 absolutionem
800 2700 906 2744 conferre,

94 2763 141 2813 quin
156 2761 242 2799 violatio
263 2761 400 2800 Sacramenta
416 2761 498 2799 debitae
516 2760 649 2799 reverentiae
661 2760 771 2798 metuenda
782 2760 817 2799 sit.
835 2761 859 2798 In
871 2773 905 2799 cx·

119 2896 134 2939 1)
144 2896 191 2928 Leo.
201 2895 228 2928 m.
239 2894 303 2941 Epist.
314 2896 344 2929 92,
354 2912 378 2918 —-
386 2896 402 2936 2)
411 2894 464 2928 ler.
474 2895 491 2927 2.
501 2894 543 2927 ΧΠ.
553 2893 619 2927 lndtot.
629 2896 646 2925 7.
656 2892 718 2936 Epist.
728 2894 759 2927 31.
