1991 3193
92 895 352 971 (11611116616111111111
365 910 398 959 sit
411 926 505 959 munus
520 909 682 969 confessarii,
701 927 777 959 nemo
790 909 899 959 11011111-

90 995 205 1062 telliget,
220 996 264 1062 qui
276 996 455 1063 perpenderit,
470 996 540 1063 quod
554 996 705 1046 sacerdotes
727 995 900 1046 confessioni-

90 1081 140 1132 bus
154 1081 290 1132 audiendis
305 1082 431 1149 deputati,
440 1081 543 1148 judices
558 1082 608 1132 Dei
620 1082 702 1149 ipsius
716 1084 821 1133 nomine
835 1100 898 1133 con-

91 1169 247 1231 stituantur,
267 1169 346 1236 idque
366 1176 440 1218 tanta
458 1169 623 1232 auctoritate,
642 1176 682 1227 ut,
702 1187 768 1235 quae
782 1169 899 1218 interris

90 1261 161 1303 recte
176 1253 342 1304 decreverint
356 1262 381 1303 et
396 1254 543 1316 sanxerint,
569 1255 597 1303 in
617 1255 697 1305 coelis
714 1262 773 1305 rata
786 1262 812 1304 61
825 1256 900 1304 firma

90 1338 248 1404 habeantur,
274 1339 438 1406 proindeque
455 1356 501 1390 ora
518 1340 636 1407 ipsorum
655 1341 707 1390 sint
723 1340 806 1391 veluti
827 1357 901 1391 sacra

91 1425 219 1490 quaedam
236 1425 378 1489 stillicidia,
402 1443 450 1492 per
467 1443 534 1492 quae
550 1444 604 1492 pax
618 1443 631 1474 6
646 1426 724 1476 coelis
740 1426 768 1476 in
781 1412 900 1476 homines

90 1511 175 1561 bonae
188 1511 332 1561 voltmtatis
347 1512 446 1575 effluat,
472 1529 602 1579 vocesque
622 1512 766 1562 eorundem
779 1530 807 1562 se
820 1512 900 1562 habe-

91 1604 136 1646 ant
153 1597 237 1647 instar
255 1598 378 1647 tubarum
396 1597 487 1663 Magni
502 1597 597 1662 Josue,
624 1616 691 1665 quae
711 1598 781 1648 illius
804 1598 901 1647 virtute

89 1683 217 1752 mysticae
230 1683 422 1746 Hierichuntis,
448 1683 476 1732 id
493 1690 533 1733 est
551 1683 708 1750 iniquitatis,
734 1701 823 1734 muros
838 1684 899 1733 sub-

89 1776 174 1819 ruant.
190 1768 374 1819 Oonfessarius
389 1769 458 1819 enim
470 1769 624 1835 ignorantes
638 1775 724 1833 docet,
742 1776 859 1819 errantes
873 1769 901 1818 in

89 1856 160 1905 viam
171 1862 286 1919 revocat,
299 1862 448 1906 moerentes
463 1855 621 1918 consolatur,
637 1856 818 1906 dubitantibus
831 1856 899 1905 bene

90 1941 215 2003 consulit,
229 1960 278 2009 pro
291 1941 502 2009 periclitantibus
517 1941 549 1991 de
563 1940 648 1990 salute
662 1941 801 1990 efficaciter
814 1941 901 1990 Deum

91 2027 254 2095 deprecatur,
282 2028 352 2078 dirae
367 2027 488 2086 servituti
500 2028 662 2095 mancipatos
676 2027 788 2096 redimit,
814 2026 900 2095 nudos

91 2113 159 2164 stola
172 2114 273 2180 gratiae
287 2115 418 2181 cooperit,
445 2131 542 2180 egenos
557 2120 583 2163 et
596 2113 736 2180 languidos
751 2113 809 2164 cibo
822 2118 899 2179 potu-

90 2217 140 2266 que
155 2199 284 2268 spirituali
297 2200 388 2250 reficit.
664 2256 677 2268 „

163 2286 203 2337 Ne
219 2304 282 2337 vero
301 2287 476 2337 confessarius
493 2293 566 2336 tanto
583 2276 688 2336 muneri
705 2284 766 2334 rite
777 2285 898 2336 obeundo

91 2390 138 2423 sua
151 2390 183 2422 ex
196 2372 274 2441 culpa
288 2373 363 2437 desit,
376 2391 450 2435 neve,
465 2372 527 2422 dum
540 2372 651 2422 aliorum
668 2372 746 2422 saluti
762 2372 898 2439 prodesse,

90 2459 194 2525 satagit,
208 2459 302 2509 obesse
315 2460 370 2509 fors
384 2458 608 2526 deprehendatur,
628 2458 769 2525 plurimum
781 2458 898 2519 interest,

89 2552 119 2594 ut
133 2544 237 2595 dotibus
251 2546 347 2596 adhoc
360 2563 465 2608 munus,
485 2544 653 2595 sacerrimum
673 2545 771 2611 quippe
788 2550 814 2593 et
831 2541 899 2593 salu-

89 2630 244 2691 berrimum,
271 2631 350 2697 digne
376 2630 514 2697 valideque
540 2630 723 2680 sustinendum
742 2628 898 2680 necessariis

90 2716 157 2767 bene
175 2717 319 2767 instructus
339 2718 440 2768 existat.
468 2715 646 2776 Quamobrem
663 2715 784 2766 Ecclesia
798 2714 897 2766 Catho-

89 2800 152 2863 lica,
178 2809 307 2869 perpetuo
325 2803 365 2852 sui
382 2803 475 2870 capitis
490 2809 515 2851 61
528 2802 635 2853 Domini
648 2801 667 2852 J
668 2819 715 2851 esu
729 2799 827 2851 Christi
840 2798 898 2848 suf-

90 2885 156 2935 fulta
170 2888 310 2953 adjutorio,
330 2894 355 2938 et
368 2887 482 2955 Spiritus
497 2888 580 2938 sancti
594 2905 657 2938 cura
669 2886 795 2980 peculiari
814 2885 899 2947 ducta,

422 3112 433 3131 θ
