2017 3193
867 109 909 155 181

103 238 174 277 neret3
186 243 224 280 000
237 230 321 268 diversa
332 236 399 271 temen
411 231 560 282 poenitentium
571 232 639 270 indole
652 238 672 270 et
686 231 791 270 scelerum
804 230 910 283 gravitate

103 294 153 331 talia
168 304 251 342 semper
267 292 344 344 seligat
361 299 476 336 momenta,
494 304 545 341 quae
564 294 712 342 poenitentium
736 293 806 344 captui
821 291 910 329 maxime

104 353 240 393 accomodata
252 360 273 391 et
283 367 333 404 prae
344 355 431 406 reliquis
444 353 538 391 efficacia
550 354 652 392 videntur.
670 355 720 393 Cum
733 362 801 394 autem
821 353 910 392 humana

103 427 161 453 mens
174 415 253 453 duobus
264 416 376 466 praecipue
387 421 507 458 moveatur,
520 413 595 451 timore
606 416 705 452 videlicet
716 423 736 453 et
749 429 830 461 amore,
846 416 909 453 alter·

102 482 150 513 utro
163 476 259 513 utendum
271 477 321 522 erit,
337 489 375 526 pro
388 477 450 527 genio
464 480 485 511 et
495 474 563 511 indole
575 475 707 522 poenitentis.

176 535 287 581 Rudiores,
304 537 337 585 qui
353 537 373 572 in
385 541 473 584 peccato
489 534 572 570 tandem
590 534 714 576 induruere,
738 542 793 572 metu
814 535 909 584 inprimis

104 594 181 644 configi
193 595 267 632 debent
280 607 404 644 poenarum,
423 601 443 630 et
455 593 544 631 excitari
556 593 581 630 ed
593 593 687 629 dolorem
698 600 783 641 propter
795 595 842 631 illas
860 607 908 642 pec-

103 654 290 695 catoribusaDeo
301 661 440 707 praeparatas
449 652 474 703 ¹).
493 653 542 692 Inde
555 659 576 692 ut
589 653 613 691 ad
625 654 692 691 Deum
711 653 789 691 sensim
808 654 908 693 adducan-

103 723 146 765 tur,
164 717 291 770 subjicienda
303 717 344 758 erit
354 717 441 768 jactura
454 717 565 763 bonorum,
584 715 656 768 quibus
673 727 695 753 se
713 716 834 766 privarunt,
853 716 908 755 scili-

103 789 137 822 cet
148 784 263 836 gratiarum
276 782 397 823 coelestium
410 789 430 821 et
441 781 578 820 haereditetis
590 793 694 832 supernae
705 802 736 808 —
747 780 828 833 gloriae
846 779 908 826 illius,

103 859 163 897 quam
175 848 248 885 oculus
259 859 299 885 non
310 845 368 890 vidit,
380 858 419 883 nec
432 845 489 883 auris
503 844 588 890 audivit,
599 856 638 882 nec
650 844 671 881 in
684 856 720 881 000
732 843 821 881 hominis
836 854 909 881 00000-

103 908 141 953 dit,
158 920 218 958 00000
235 909 294 945 Deus
312 907 447 957 praeparavit
465 905 599 957 diligentibus
624 917 654 942 se.
671 905 804 954 Proponetur
824 903 910 941 subinde

103 981 151 1018 spes
168 969 242 1006 damna
259 968 375 1018 praeterita
391 966 534 1010 resarciendi,
554 966 677 1004 obtinendae
695 966 761 1004 denuo
776 967 853 1009 stolae,
872 977 910 1014 qua

102 1042 125 1067 se
142 1030 199 1078 ipsos
216 1029 294 1066 misere
313 1028 463 1076 spoliaverunt,
481 1027 646 1076 primaevajura
658 1027 802 1076 recuperandi.
821 1027 909 1063 Demum

103 1090 127 1126 ad
138 1089 180 1126 Dei
192 1101 291 1132 amorem,
304 1088 350 1125 sine
362 1100 401 1136 quo
413 1094 472 1125 nutat
482 1088 517 1125 vel
529 1088 620 1125 concidit
631 1088 759 1136 poenitentia
775 1087 848 1131 omnis,
860 1099 909 1134 000-

102 1149 160 1185 latim
178 1149 298 1185 flectentur.
316 1148 419 1195 inspectis
435 1148 494 1185 oculo
513 1147 562 1184 fidei
577 1159 614 1184 seu
627 1147 746 1195 suppliciis,
765 1159 816 1195 quae
828 1158 909 1194 prome-

102 1219 173 1251 ruere,
186 1218 223 1245 seu
234 1207 302 1251 bonis,
320 1218 372 1256 quae
388 1206 454 1244 adhuc
470 1218 592 1256 0000000000
605 1212 700 1256 possunt,
711 1206 810 1255 paulatim
828 1205 874 1250 fiet,
890 1212 912 1242 ut

104 1268 242 1307 confiteantur
253 1269 350 1314 Domino,
363 1268 458 1319 queniam
470 1280 550 1306 summe
559 1269 634 1314 bonus,
647 1268 698 1306 etin
711 1268 818 1307 saeculum
830 1267 912 1305 miseri-

104 1331 176 1373 cordia
188 1332 239 1384 ejus.

175 1397 223 1435 Etsi
241 1397 293 1435 haee
313 1395 391 1435 motiva
409 1396 479 1435 sobrie
497 1397 606 1447 proposita
623 1409 676 1447 pene
695 1397 789 1435 omnibus
806 1396 911 1446 proficere

101 1465 197 1509 pessunt,
208 1459 224 1496 ii
235 1465 311 1503 tamen,
324 1458 358 1508 qui
368 1458 509 1508 profectiores
521 1459 600 1496 suntin
612 1459 697 1504 virtute,
710 1459 770 1508 quive
781 1459 828 1507 plus
835 1458 855 1494 in
867 1457 910 1494 vir·

102 1526 174 1564 tutem,
188 1532 248 1569 quam
259 1520 280 1557 in
291 1520 364 1557 vitium
376 1520 513 1569 propendunt,
526 1519 588 1558 facile
601 1520 625 1557 ad
638 1519 785 1557 contritionem
793 1525 910 1562 moventur,

103 1579 121 1616 si
134 1579 164 1617 eis
177 1580 301 1628 subjiciatur
312 1591 399 1617 0000000
410 1579 454 1617 Det
466 1578 589 1629 Mojestes,
610 1592 662 1631 quae
676 1592 687 1617 0
702 1580 738 1617 vili
750 1586 850 1618 ereatura
862 1591 910 1617 000-

102 1640 209 1684 temnitur,
222 1647 243 1677 et
253 1641 338 1690 infinite
349 1639 457 1689 Bonitas,
478 1652 530 1689 quae
543 1652 554 1676 0
565 1641 657 1689 propriis
669 1640 718 1676 filiis
731 1640 829 1678 enutritis
841 1646 912 1676 tener-

102 1700 169 1743 rime,
188 1702 265 1737 effusse
277 1700 297 1736 in
317 1699 389 1736 ordine
400 1706 488 1736 naturae
501 1706 522 1735 et
534 1701 617 1749 gratiae
629 1700 725 1749 dilectis,
744 1700 911 1737 misericorditer

103 1759 207 1804 exaltatis,
219 1761 337 1809 petulanter
349 1759 467 1797 offenditur.
486 1781 515 1786 —
530 1760 620 1810 Expedit
639 1765 708 1797 autem
724 1760 817 1797 omnibus
835 1771 910 1809 propo-

102 1833 153 1859 0000
164 1821 286 1860 immensam
303 1820 432 1860 Charitatem
448 1820 541 1866 Christi,
561 1821 595 1873 qui
613 1834 623 1859 e
642 1821 706 1860 coelis
725 1821 834 1861 deseendit
852 1834 910 1859 ovem

102 1884 203 1936 perditam
217 1885 361 1937 quaesiturus,
381 1885 415 1938 qui
427 1897 530 1937 quaerens
550 1884 604 1924 sedit
620 1886 705 1931 lessus,
724 1885 758 1937 qui
775 1898 814 1924 non
832 1884 911 1924 invenit

103 1948 143 1986 nisi
155 1962 239 1989 crucem
252 1962 334 2000 passus,
353 1949 397 1999 qui,
416 1949 463 1987 dum
476 1949 500 1987 ab
513 1961 537 1987 ea
548 1956 642 1988 mutuum
655 1961 746 1987 amorem
758 1963 795 2000 000
811 1949 860 1998 jure
873 1962 910 1987 000

103 2017 244 2059 exspectaret,
264 2011 331 2048 edium
343 2023 381 2059 000
400 2011 525 2055 dilectione,
543 2023 617 2048 novam
634 2023 719 2049 crucem
737 2024 775 2060 pro
794 2011 912 2062 gratiarum

103 2070 227 2116 actionibus,
239 2084 305 2109 novos
317 2072 411 2116 dolores,
430 2084 504 2120 000000
526 2070 637 2109 Calvnriae
655 2084 730 2122 genus,
750 2079 770 2109 et
788 2071 838 2109 nihil
855 2073 911 2109 ultra

103 2137 228 2169 consecutus
241 2138 279 2168 est.

432 2247 583 2300 Continuctio.

176 2371 194 2428 ξ.
208 2369 258 2415 125.
274 2375 305 2413 Εο
323 2373 392 2425 aliqua
403 2373 487 2420 motiva,
499 2373 533 2411 vel
545 2380 603 2413 certe
616 2374 740 2413 adminicula
752 2374 844 2421 doloris,
863 2374 910 2414 bre-

101 2437 162 2476 vibus
179 2438 290 2477 sententiis
303 2437 461 2488 comprehensa,
480 2437 553 2489 quibus
566 2438 680 2478 secuudum
692 2437 776 2477 ductum
787 2438 910 2490 prudentiae

98 2500 186 2548 juvandi
202 2508 251 2539 sunt
271 2507 409 2551 peccatores,
432 2514 520 2551 quorum
541 2501 651 2539 conversio
673 2500 779 2539 videbitur
801 2502 909 2552 aliquando
951 2522 956 2535 ι

102 2561 209 2599 subdubia.

177 2619 201 2669 1]
218 2623 274 2659 Mala
286 2622 400 2666 naturalia,
418 2635 470 2671 quae
486 2623 552 2665 Deus,
568 2624 641 2666 Deus,
658 2622 859 2672 inquamspeccato
876 2635 910 2659 an·

101 2680 179 2717 nexuit.

175 2737 201 2787 2)
214 2742 287 2779 Timor
300 2741 421 2780 Gebennae.
434 2744 462 2780 Et
473 2754 512 2793 ego
526 2738 608 2789 obfffrem
619 2742 693 2780 nihili?
706 2764 735 2769 —
746 2765 776 2770 —

176 2795 202 2846 3]
215 2803 288 2841 Timor
300 2803 432 2842 severissimi
439 2803 525 2853 judicis,
539 2803 620 2842 Christi
631 2804 691 2842 Jesu.

127 2929 141 2977 1)
151 2932 212 2976 Apoc,
220 2935 272 2969 XIV.
284 2940 312 2971 10.
