2056 3193
162 98 207 141 330

231 211 329 249 Ecclesia
341 223 443 262 egressus
456 211 540 263 negotia
553 217 586 248 tua
599 224 624 248 ex
637 223 685 248 asse
697 218 717 249 et
730 211 890 250 accuratissime
903 225 963 250 exse-

159 283 222 321 quere
241 271 300 320 quasi
318 271 464 320 praesentibus
485 272 629 322 superioribus
647 271 699 316 tuis:
717 274 789 310 oculus
808 273 848 310 Dei
859 273 934 323 ubique
946 279 966 310 te

163 332 303 369 committatur
321 332 400 369 arbiter
417 332 557 381 cujuscunque
572 331 673 375 actionis,
697 333 767 376 verbi,
791 332 967 383 cogitationisque

159 397 215 427 tuae.
233 391 328 439 Expletis
341 392 435 428 omnibus
448 394 489 430 tuis
500 391 615 428 vocationis
628 390 714 434 officiis,
731 392 749 427 si
762 392 808 439 quid
821 393 920 441 temporis
932 404 966 428 su-

158 450 261 498 perfuerit
280 450 327 492 tibi,
344 451 364 486 in
383 451 437 487 libro
456 453 522 501 aliquo
538 450 642 497 spirituali
654 450 731 499 legito,
749 462 766 486 e.
779 462 799 499 g.
813 451 837 486 de
850 451 967 488 Imitatione

159 508 245 546 Christi.
264 508 349 557 Scripta
361 509 384 546 S.
397 509 505 547 Francisci
518 508 595 546 Salesii
611 509 689 557 absque
707 509 795 545 maximo
814 510 876 546 animi
893 509 967 546 salutis

157 569 286 608 incremento
299 581 339 607 non
351 570 439 622 legeris.
456 570 529 608 Nullus
542 568 618 619 spiritu
630 575 651 608 et
666 569 763 607 unctione
779 569 851 619 plenus
868 569 965 609 aedifica·

159 630 220 669 tionis
239 630 292 669 liber
309 632 438 676 excluditur,
456 637 554 670 atlantem
567 643 649 682 semper
661 635 743 681 patrem
761 636 817 668 tirum
835 630 966 682 spiritualem

158 695 243 734 consule
255 694 321 745 prius.
339 696 397 747 Lege
409 707 474 745 usque
486 695 532 734 dum
546 700 701 733 commoveatur
714 693 793 732 animus
806 700 864 740 tuus,
884 707 923 733 non
936 700 966 733 ta·

158 769 204 794 men
219 757 277 806 justo
296 758 341 806 plus
360 769 400 794 una
415 757 474 803 vice,
492 770 557 807 neque
570 757 632 795 animi
649 768 725 794 nervos
738 756 799 793 nimis
810 756 900 794 intende.
918 757 967 795 Janr

159 818 210 856 satis
224 818 334 856 meditatus
347 818 371 856 de
382 830 422 856 uno
434 818 490 864 loco,
508 818 596 856 ulterius
614 819 672 869 lege,
690 822 711 854 ct
729 818 824 856 ausculta
842 817 967 869 diligenter,

159 879 205 928 quid
217 878 318 916 Dominus
332 879 356 916 ad
369 891 405 917 oor
417 885 474 917 tuum
486 881 590 930 loquatur.

232 939 309 977 Omnes
321 940 405 977 labores
417 940 447 977 tui
459 941 483 978 ad
495 940 595 989 majorem
606 940 646 977 Dei
658 939 700 977 sint
712 940 813 990 gloriam3
831 952 910 977 memor
922 945 967 976 esto

131 1035 133 1043 ,
157 999 197 1036 Dei
209 999 327 1048 praesentis
340 1007 361 1037 et
380 1001 580 1038 omnimnhonorum
599 1012 683 1050 operum
699 999 888 1037 munificentissimi
899 1011 966 1036 remu-

158 1060 269 1096 neratoris.
283 1061 304 1096 ln
317 1060 428 1097 laborando
440 1060 503 1098 hilari
514 1073 597 1108 semper
610 1067 655 1098 esto
668 1059 742 1104 animo,
755 1066 775 1097 et
788 1060 873 1108 quadam
885 1059 967 1097 ratione

158 1125 232 1155 sancta
244 1120 354 1156 effectuum
366 1120 468 1163 incurius,
477 1126 497 1156 et
504 1120 635 1164 indifferens,
644 1120 726 1157 fructus
734 1121 828 1157 laborum
837 1126 920 1157 tuorum
928 1119 967 1156 Dei

157 1178 296 1216 benedictioni
308 1180 447 1222 committens,
465 1185 586 1222 contentus,
599 1180 643 1226 jam
656 1179 744 1223 fecisse,
768 1179 819 1227 quod
838 1185 895 1216 tuum
913 1184 966 1215 erat.

157 1238 252 1286 Operare
265 1237 332 1274 omnia
344 1239 368 1275 ad
381 1238 482 1286 expianda
494 1245 529 1275 tua
538 1238 614 1275 delicta
621 1239 641 1274 in
650 1237 724 1286 spiritu
731 1238 861 1274 obedientiae
870 1244 890 1274 et
902 1237 966 1274 humi·

156 1298 233 1344 litatisg
251 1298 373 1336 durantibus
391 1298 497 1337 laboribus
513 1299 551 1336 has
562 1298 637 1336 illasve
649 1310 723 1348 preces
735 1298 874 1346 jaculatorias
887 1298 966 1336 coelum

156 1371 232 1398 versus
252 1359 335 1405 evibra,
359 1366 496 1411 repraesenta
516 1360 553 1399 tibi
571 1360 657 1406 Josnm,
675 1358 708 1410 qui
725 1359 745 1397 in
762 1359 838 1397 sudore
851 1360 919 1397 vultus
935 1359 967 1397 sui

157 1435 230 1475 panem
242 1435 302 1461 suum
315 1422 394 1463 edebat.
413 1423 437 1463 Si
451 1423 535 1463 labores
551 1422 580 1462 tui
592 1436 617 1462 ex
630 1422 692 1461 animi
704 1422 807 1461 sententia
819 1434 921 1473 prospere
933 1434 966 1461 ac-

157 1486 238 1532 cedant,
256 1485 337 1538 gratias
350 1487 412 1525 dicito
424 1488 481 1533 Deo,
494 1486 568 1538 quodsi
579 1498 629 1524 vero
641 1498 752 1536 perperam
765 1490 819 1530 eant,
832 1485 915 1537 cogita:
928 1485 967 1524 hoe

158 1560 237 1598 quoque
249 1549 307 1585 Deus
325 1549 436 1596 permittit,
454 1556 475 1586 et
488 1551 546 1586 Deus
567 1548 635 1585 omnia
650 1547 771 1586 benefacit.
784 1569 814 1574 —-
827 1546 918 1585 Otiolum
931 1547 966 1584 ali-

157 1608 209 1658 quod
227 1609 246 1645 si
263 1608 300 1645 tibi
318 1615 423 1658 suppetat,
443 1609 581 1647 reminiscere
599 1609 655 1646 vitae
674 1608 734 1645 hodie
752 1608 859 1657 hucusque
875 1614 934 1646 actae
947 1614 967 1644 et

157 1669 248 1713 trutina,
267 1670 367 1718 quomodo
379 1669 486 1719 proposita
499 1682 567 1713 triane,
586 1670 618 1706 vel
630 1671 649 1706 in
662 1680 725 1706 sacra
736 1668 836 1713 lectione,
855 1669 887 1705 vel
903 1668 966 1706 medi·

157 1729 235 1767 tatione
248 1735 348 1778 concepta
361 1730 486 1779 expleveris.

234 1791 256 1826 In
271 1790 357 1838 prandio
375 1790 492 1840 imaginare
511 1790 548 1827 tibi
559 1791 644 1827 Patrem
660 1789 760 1828 coelicum
773 1801 845 1826 manus
857 1802 906 1827 suas
919 1801 966 1837 ape·

156 1850 259 1893 rientem,
276 1856 298 1886 ut
310 1856 329 1886 te
349 1850 415 1895 cibet,
432 1863 507 1898 preces
520 1851 624 1887 nrerrsales
637 1862 737 1898 nusquam
749 1849 892 1893 intermittite,
911 1849 964 1886 desi·

157 1910 206 1946 dcra
218 1921 298 1959 qnoque
311 1909 378 1947 cibum
391 1910 463 1954 animi,
481 1910 572 1961 gratiam
584 1910 625 1947 Dei
636 1909 728 1958 Ejosque
740 1909 834 1953 verbum,
852 1915 913 1957 atque
926 1908 964 1945 Sa·

157 1977 275 2015 eramenta,
293 1971 378 2018 loquere
390 1970 511 2019 quidquam,
529 1970 582 2019 quod
598 1969 709 2008 aedificare
724 1969 791 2022 possit
805 1968 915 2018 pictatem,
932 1982 965 2007 re·

157 2037 270 2082 praesenta
287 2030 325 2068 tibi
343 2031 417 2069 Jesum
429 2037 498 2069 tecum
517 2031 651 2081 prandentem
660 2030 673 2076 ;“
684 2030 778 2081 quidquid
790 2030 858 2081 palato
870 2036 905 2068 tuo
918 2030 965 2068 sub·

157 2094 260 2141 traxeris,
281 2093 307 2132 da
323 2094 456 2145 pauperibus,
474 2095 525 2133 Post
537 2094 644 2145 prandium
656 2106 709 2132 trtius
721 2094 809 2133 istorum
822 2094 909 2145 quinque
922 2093 965 2132 mil·

156 2158 204 2196 lium
217 2157 253 2196 tibi
266 2170 314 2195 esse
325 2156 405 2202 videre,
423 2169 473 2207 quos
485 2157 550 2196 ,Iesus
563 2156 661 2196 Christus
673 2157 773 2197 miraculo
786 2157 904 2202 cibaverat,
917 2168 966 2209 gra·

156 2220 196 2257 tias
214 2219 259 2269 ipse
277 2218 341 2257 redde
359 2219 453 2264 intinras,
471 2226 491 2258 et
503 2232 556 2271 roga
568 2232 624 2265 eniri,
642 2226 664 2257 ut
676 2219 712 2257 tibi
727 2220 761 2257 det
777 2231 851 2257 manua
863 2220 966 2263 coeleste,

155 2281 219 2318 vitam
231 2280 370 2318 immortalem
382 2280 473 2332 gratiae.
516 2273 518 2276 ¹

233 2341 260 2377 Ut
278 2353 337 2389 quam
350 2341 471 2378 beatissime
490 2349 511 2378 et
529 2341 651 2378 felicissime
669 2340 738 2385 vivas,
757 2346 821 2377 totum
838 2346 857 2377 te
873 2341 898 2377 da
913 2341 965 2377 Deo.

157 2403 208 2437 Tam
221 2401 254 2437 diu
266 2401 370 2449 inquietus
383 2401 436 2444 eris,
454 2413 519 2450 usque
534 2401 581 2438 dum
592 2402 613 2438 in
625 2402 670 2438 Deo
683 2400 727 2437 solo
740 2400 845 2449 quieveris
862 2403 914 2437 Eum
933 2412 966 2436 so-

156 2461 196 2497 lmn
210 2460 302 2497 amando,
321 2461 342 2496 In
355 2461 449 2497 oninibus
462 2461 502 2498 Dei
514 2461 640 2498 voluntatem
654 2460 725 2498 facere
738 2466 836 2510 satagas,
849 2461 915 2509 Eique
927 2459 966 2496 soli

156 2520 246 2568 placere.
264 2519 319 2557 Nihil
338 2533 378 2571 age
395 2526 469 2558 contra
480 2522 557 2564 Deum,
575 2520 624 2557 nihil
638 2533 677 2570 age
690 2519 735 2556 sine
746 2521 803 2564 Deo,
821 2519 869 2556 nihil
889 2531 966 2569 quaere

156 2585 241 2629 praeter
252 2581 329 2624 Deum,
348 2594 388 2632 age
401 2587 422 2618 et
433 2587 506 2629 patere
519 2581 587 2618 onmia
599 2586 684 2629 propter
696 2580 770 2617 Deum.
789 2602 819 2607 —
836 2580 913 2618 Parum
931 2586 966 2617 tua

156 2640 247 2685 referat,
266 2647 332 2677 utrum
345 2642 438 2679 homines
450 2641 510 2692 hujus
529 2641 597 2679 mundi
610 2647 630 2678 te
648 2639 719 2692 satagui
734 2640 823 2685 faciant,
841 2641 965 2686 aestiment,

156 2709 176 2742 et
188 2709 270 2748 ament,
289 2703 346 2741 modo
358 2705 403 2743 Deo
416 2705 507 2755 placeas,
525 2704 584 2743 modo
601 2702 730 2743 conscientia
747 2710 782 2743 tua
797 2709 817 2742 te
829 2716 868 2743 non
882 2708 965 2756 arguat.

155 2766 277 2817 Discipulos
290 2778 330 2803 nou
342 2773 374 2805 est
386 2780 449 2818 supra
460 2762 600 2820 Magistrum,
618 2773 639 2805 et
659 2766 747 2806 famulus
762 2779 802 2805 non
818 2779 882 2818 supra
893 2765 965 2805 Domi·

156 2841 210 2866 num.
219 2830 311 2867 -Ante
323 2828 391 2866 onmia
403 2841 439 2867 cor
451 2836 508 2868 tuum
521 2841 594 2880 purum
607 2834 627 2866 et
640 2828 794 2867 immaculatum
802 2841 889 2867 servare
897 2828 964 2866 stude.

156 2890 288 2942 rPibimetipsi
305 2889 418 2942 diligenter
430 2891 528 2943 invigila,
546 2902 645 2929 sensnum
661 2891 748 2942 organis
763 2890 965 2943 et-eogitationibus
