2056 3193
136 72 179 113 112

134 182 191 220 nium
203 182 432 231 dixeritbaptizentur,
444 182 541 220 similiter
549 183 573 221 de
578 183 741 235 poenitentibus
749 184 852 234 agendum
864 181 940 230 est”¹).

133 244 251 282 Praeterea
258 243 372 282 Concilium
379 244 532 283 Arausicamnn
537 244 619 283 statuit:
629 243 717 283 „Subito
723 244 868 283 obmutescens
876 244 940 283 etBa-

135 305 418 358 ptismumetPoeuitentiam
426 308 523 359 accipere
534 313 609 359 potest,
622 306 760 347 sivolnntatis
771 308 898 358 praeteritae
911 313 940 346 tc·

136 370 253 409 stimonium
265 369 340 408 trahet'
349 367 375 418 2).
388 372 438 409 Leo.
446 372 475 410 M.
487 372 542 409 inter
549 371 588 409 alia
596 369 634 408 bac
642 369 665 408 de
674 383 697 409 re
706 371 812 409 consultus
820 371 940 421 respondit:

138 431 467 484 „Quodsiaegritudinegravati,
481 433 529 481 (illi,
542 433 575 484 qui
586 432 732 482 poenitentiam
740 435 823 483 petunt]
831 433 883 483 quod
895 440 941 471 ante

136 493 256 543 poscebant,
266 495 303 532 sub
311 495 431 543 praesentia
443 494 559 533 sacerdotis
567 493 690 544 significare
700 506 740 531 non
747 496 836 539 valeant,
849 494 941 532 testimo-

136 554 204 591 niaeis
210 554 300 593 fidelium
308 561 329 592 et
340 554 519 594 circumstantium
531 556 631 604 prodesse
644 555 753 603 debebunt,
764 562 787 592 nt
795 556 856 593 simul
864 555 942 593 etPoc-

135 615 234 653 nitentiae
246 622 267 653 et
277 615 455 653 reconciliationis
462 615 584 654 beneficium
591 615 757 665 consequantur⁵³
765 614 791 661 ³).
801 616 942 653 eorrfinnatur

135 676 226 712 assertio
244 682 317 712 nostra
332 687 357 711 ex
375 675 454 712 Rituali
471 677 564 712 Romano
582 676 642 712 Pauli
660 675 694 719 V„
713 676 748 711 ubi
759 675 824 711 haec:
838 676 877 712 „si
888 673 943 711 inter

136 733 284 778 confitendum,
301 734 334 770 vel
347 734 409 771 etiam
422 741 530 783 arrtequam
548 734 635 783 incipiat
646 735 754 779 confiteri,
771 747 812 771 vox
824 740 844 771 et
861 736 944 783 loquela

136 806 223 845 aegrum
241 793 334 839 deficiat,
351 795 435 832 nutibus
454 802 474 833 et
492 795 560 846 signis
576 801 663 833 conetur
681 795 792 841 sacerdos,
810 794 876 845 quoad
897 796 944 833 fieri

135 855 222 906 poterit,
239 862 326 906 peccata
336 856 462 907 poenitentis
475 868 616 909 cognoscere,
629 857 702 908 quibus
714 863 818 909 utcunque
828 857 863 895 vel
873 855 894 894 in
907 868 943 909 ge·

136 930 187 958 nere
197 920 231 958 vel
242 920 263 958 in
275 919 346 971 speeie
364 919 467 972 cognitis,
481 921 515 959 vel
533 919 595 959 etiam
607 920 627 959 si
639 920 750 960 confitendi
761 920 886 960 desiderium
899 919 943 959 sive

136 995 174 1034 per
187 995 209 1021 se
222 982 267 1021 sive
278 995 316 1033 per
329 982 380 1021 alios
393 984 521 1029 ostenderit,
534 984 673 1022 absolvendus
686 984 738 1023 cst,''
751 1007 781 1012 —

211 1045 317 1083 Sacerdos
332 1046 402 1095 itaque
414 1045 439 1083 ad
450 1046 553 1083 infirmum
572 1046 690 1084 accersitus
702 1047 790 1096 prinnini
808 1046 908 1091 omnium,
926 1046 945 1083 si

136 1107 184 1144 fieri
194 1113 277 1155 potest,
295 1106 365 1145 audiat
376 1107 421 1155 ejus
434 1107 515 1157 aliquod
526 1113 635 1156 peccatum
646 1107 667 1144 in
678 1107 810 1156 particulari.
827 1106 905 1155 Quodsi
916 1106 945 1144 ita

136 1167 248 1205 invaluerit
257 1167 376 1212 infirmitas,
388 1174 411 1205 ut
420 1180 473 1206 voce
485 1168 596 1206 destitutus
609 1169 646 1213 sit,
659 1168 752 1206 studiose
765 1169 864 1206 observet
875 1168 944 1220 signa,

137 1241 162 1266 an
174 1228 256 1278 aliquod
268 1240 318 1278 prae
331 1241 354 1267 se
365 1229 421 1267 ferat
433 1229 571 1267 confessionis
584 1229 723 1273 desiderium,
736 1236 757 1267 et
768 1236 816 1267 tunc
828 1242 854 1267 ne
867 1229 946 1267 dubitet

137 1290 254 1326 absolvere.
268 1289 292 1326 Si
303 1301 353 1327 vero
366 1302 431 1339 neque
443 1290 508 1339 loqui,
524 1303 590 1339 neque
602 1296 652 1327 nutu
671 1297 706 1327 aut
717 1290 778 1340 signo
791 1291 885 1339 quopiam
902 1302 944 1326 ma·

137 1348 238 1386 nifestare
250 1361 326 1386 sensus
339 1362 388 1386 suos
400 1350 495 1386 infirmus
506 1351 573 1394 valet,
590 1350 733 1387 confessarius
746 1350 871 1387 adstantium
883 1361 944 1397 quae-

136 1405 170 1445 rat
181 1408 321 1445 testimonium
334 1409 358 1445 de
374 1408 476 1457 aliquibus
490 1409 621 1446 contritionis
634 1409 712 1459 siguis,
732 1420 783 1458 quae
802 1409 820 1444 si
833 1408 945 1451 adfuerint,

138 1467 215 1518 absque
228 1469 326 1517 scrupulo
338 1474 408 1518 potest
419 1468 506 1507 absolvi.

185 1570 188 1574 i
207 1586 297 1644 Causae
310 1588 338 1643 ab
352 1588 485 1662 integritate
499 1588 652 1645 confessionis
666 1606 710 1645 uon
725 1592 872 1645 excusantes.

213 1716 231 1770 ξ.
245 1714 279 1757 ld.
298 1719 342 1756 Non
356 1725 443 1757 excusat
461 1719 485 1757 ab
500 1719 624 1770 integritate
640 1719 779 1758 confessionis
799 1716 823 1766 1]
838 1720 946 1770 frequens

136 1779 214 1832 populi
225 1792 348 1818 concursus·
359 1780 380 1817 in
388 1780 421 1818 die
433 1781 526 1819 solemni.
538 1781 600 1818 Patet
612 1793 637 1818 ex
648 1781 790 1831 propositione
803 1781 898 1818 damnata
909 1792 946 1829 per

138 1841 281 1879 Innocentium
292 1842 328 1879 ΧΙ.
345 1853 397 1879 anno
412 1838 485 1881 idid:
500 1843 577 1888 „Licet
591 1842 774 1880 sacramentaliter
791 1842 901 1879 absolvere
918 1841 946 1878 di-

138 1902 223 1940 midiate
241 1908 320 1939 tantum
338 1903 447 1940 confessos
465 1904 548 1940 ratione
565 1902 638 1953 magni
656 1914 773 1940 concursus
790 1902 946 1950 poenitentium,

140 1963 205 2012 qualis
217 1975 236 1999 v.
249 1976 270 2013 g.
283 1969 352 2011 potest
363 1963 487 2013 contingere
498 1964 518 2000 in
531 1964 563 2000 die
576 1974 664 2013 magnae
677 1963 764 2010 alicujus
777 1962 899 1999 festivitatis
913 1963 947 1999 vel

139 2023 334 2072 irrdulgentiarunt.”
349 2020 463 2067 Oromrtodo
475 2035 526 2070 erpo
542 2023 649 2069 (cycladum
660 2025 683 2059 1η
695 2024 842 2071 confitentium
854 2033 946 2059 cortem·-

139 2085 183 2119 su?
196 2081 267 2128 Quoad
277 2082 416 2129 parochianos
429 2094 469 2118 non
484 2083 521 2118 abs
536 2094 559 2118 re
572 2082 620 2125 erit,
633 2093 668 2118 eos
682 2093 821 2125 commonere,
833 2088 869 2125 ut,
882 2080 947 2129 quoad

139 2141 186 2178 fieri
199 2147 279 2189 potest,
293 2141 350 2188 justo
366 2140 438 2178 ordine
452 2154 475 2179 se
491 2141 592 2186 dividant,
610 2153 635 2178 ne
646 2141 758 2190 premendo
774 2140 900 2192 longiusque
912 2151 947 2176 ex·

140 2202 252 2252 spectando
265 2202 362 2240 distracti
373 2203 393 2239 in
405 2204 527 2240 necessaria
538 2203 698 2253 praeparatione
713 2203 857 2254 impediantur.
875 2201 947 2246 Pueri,

141 2264 175 2318 qui
188 2264 280 2305 scholam
299 2264 364 2305 adhuc
386 2264 529 2318 frequentant,
548 2266 619 2306 diebus
635 2265 744 2306 ferialibus
764 2266 906 2306 admittantur.
925 2265 948 2303 In

141 2329 246 2380 plerisque
263 2329 316 2368 loeis
334 2329 428 2368 demere
441 2337 483 2376 est,
500 2330 596 2381 populum
608 2329 690 2369 fidelem
698 2330 743 2379 jam
755 2329 775 2368 in
787 2327 891 2378 Vesperis
906 2327 948 2366 die-

142 2403 187 2429 rum
205 2392 307 2430 festorum
324 2404 448 2443 magnorum
460 2393 484 2431 ab
501 2405 563 2443 opere
575 2393 649 2431 servili
659 2393 680 2430 in
699 2392 759 2443 agris
778 2397 799 2429 et
813 2391 879 2429 vineis
892 2391 948 2442 quie-

142 2464 216 2499 scere3
228 2453 392 2492 determinentur
403 2454 472 2504 itaque
484 2454 548 2492 horae
560 2456 612 2492 tales
624 2467 661 2505 pro
668 2453 836 2491 confessionibus
844 2452 948 2503 excipien-

143 2514 181 2553 dis.
197 2514 248 2563 Quid
266 2517 379 2567 agendum,
397 2516 416 2553 si
429 2517 528 2555 Ecclesia
546 2516 673 2566 parochialis
689 2529 700 2554 a
715 2514 836 2565 peregrinis
851 2515 948 2564 frequen-

142 2579 215 2614 tatur?
232 2577 299 2614 ldtiam
322 2576 361 2613 boc
380 2577 401 2613 in
425 2590 476 2615 casu
490 2577 597 2615 multitudo
617 2577 758 2614 confitentium
777 2588 816 2613 non
835 2576 863 2613 sit
885 2587 949 2612 causa

142 2636 232 2674 festinae
243 2636 264 2673 in
276 2637 401 2674 absolvendo
413 2638 511 2675 levitatis.
528 2638 560 2676 Ad
572 2650 673 2675 summum
691 2637 827 2673 absolutionis
839 2635 949 2673 formulam

143 2696 287 2735 confessarius
299 2697 421 2740 abbreviet,
433 2703 454 2733 et
465 2710 511 2734 cum
522 2698 631 2745 prudentia
643 2697 733 2745 applicet
743 2695 885 2733 institutiones
900 2708 949 2732 suas

143 2756 168 2794 ad
185 2761 274 2805 peccata
287 2757 397 2803 graviora,
415 2761 505 2793 attamen
517 2768 556 2793 non
575 2757 616 2800 ita,
634 2755 701 2803 utqui
715 2755 796 2792 leviora
816 2755 948 2799 confitentur,

137 2843 324 2853 ...——--—-

169 2893 182 2934 ί)
193 2891 215 2925 G.
225 2892 255 2926 75.
264 2891 289 2923 D.
299 2888 332 2923 IV.
343 2888 366 2923 de
376 2898 464 2924 consecr.
473 2906 497 2913 -
506 2887 522 2934 ²)
533 2888 578 2934 Gap.
590 2890 619 2923 12.
628 2906 652 2912 -
661 2886 677 2932 ὃ)
687 2887 749 2934 Epist.
760 2888 790 2923 82.
800 2887 848 2923 alias
858 2889 888 2925 91.
