2056 3193
154 72 183 114 58

152 188 218 227 solum
231 190 289 240 lapsu
302 188 409 238 temporis,
426 187 462 226 sed
479 189 541 228 etiam
558 203 595 241 per
610 193 844 235 excommunicationem
858 195 957 246 majorem

153 257 174 291 et
185 253 344 305 suspensionem
357 248 382 298 ¹).

419 389 444 436 b]
456 389 536 427 ratione
548 398 691 437 personarum.

227 495 245 547 ξ.
263 492 300 535 42.
326 495 350 545 1]
373 498 529 536 Jnrisdictionis
547 497 660 535 restrictae
683 510 750 548 genus
770 503 836 548 quoad
855 514 956 551 personas

152 556 200 594 illud
212 563 251 600 est,
264 558 317 607 quod
334 558 443 602 sacerdos,
463 557 496 606 qui
513 557 536 594 ab
553 557 656 607 Episcopo
674 559 844 607 approbationem
859 571 879 601 et
890 565 956 612 juris-

152 616 263 654 dictionem
276 619 369 663 obtinuit,
381 617 500 655 Monialiunr
513 618 656 655 confessiones
668 619 765 668 excipere
777 631 816 657 non
828 623 905 669 valeat,
917 625 957 662 nisi

151 677 170 714 in
183 677 268 716 obtenta
279 679 378 717 facultate
391 678 450 726 trojus
462 677 494 715 rei
507 677 581 715 mentio
594 678 691 727 explicita
702 678 811 718 habeatur.
834 682 856 720 ld
874 686 955 733 praeci·

150 738 210 788 piunt
225 740 388 777 constitutiones
407 738 509 789 Gregorii
525 738 572 777 XV.
590 740 750 778 „inscrutabili”
766 747 786 779 et
801 741 914 783 elementis
930 747 955 786 X.

154 799 285 852 oSuperna.”
300 801 371 840 Verba
391 801 515 852 posterioris
537 808 597 841 sunt:
618 802 768 842 „Generaliter
787 806 912 857 approbatos
930 810 955 848 ab

151 865 255 915 Episcopo
268 865 292 903 ad
305 864 414 903 audiendas
426 877 563 915 personarum
575 866 702 904 secularium
718 867 860 907 confessiones
878 882 955 921 nequa-

153 939 213 977 quam
225 927 306 965 censeri
318 926 453 978 approbator
464 927 488 965 ad
501 927 644 966 confessiones
656 929 781 972 Monialium,
792 930 833 968 sibi
851 931 955 980 1111111010-

153 1001 211 1034 rum,
228 989 264 1026 sed
276 1000 340 1040 egere
352 988 417 1039 quoad
432 988 470 1027 hoc
485 989 576 1040 speciali
587 988 694 1041 Episcopi
709 991 868 1041 approbatione
880 996 955 1042 [sensu

153 1050 246 1097 latiori),
264 1056 323 1100 atque
341 1051 464 1099 approbatos
475 1063 513 1100 pro
526 1051 631 1088 audiendis
651 1051 817 1090 confessionibus
834 1055 954 1093 Monialium

152 1111 211 1149 unius
223 1110 350 1155 monasterii,
362 1111 444 1148 minime
457 1111 528 1148 audire
539 1123 601 1159 posse
614 1112 758 1149 confessiones
769 1114 891 1152 Monialium
904 1116 954 1153 alte-

152 1171 197 1208 rius
213 1171 340 1208 nronasterii.
364 1171 437 1208 Itidem
460 1172 601 1209 confessarios
617 1172 796 1210 extraordinarios
812 1176 877 1211 semel
892 1175 953 1224 depu-

152 1237 206 1268 tatos
218 1237 277 1280 atque
290 1230 413 1280 approbatos
429 1232 453 1269 ab
465 1232 568 1281 Episcopo
588 1232 612 1269 ad
623 1232 745 1270 Mouialium
758 1233 901 1272 confessiones
916 1248 953 1285 pro

151 1303 191 1330 uua
208 1292 253 1329 vice
271 1291 393 1337 audiendaS,
415 1292 469 1330 haud
489 1305 551 1341 posse
575 1293 657 1342 expleta
676 1293 807 1342 deputatione
825 1295 846 1332 in
861 1296 903 1333 uim
919 1309 953 1347 ap-

150 1353 276 1403 probationis
291 1353 407 1404 hujusmodi
421 1354 503 1393 illarum
526 1354 668 1393 confessiones
687 1355 769 1403 audire,
793 1357 829 1395 sed
848 1357 909 1397 toties
929 1359 952 1398 ab

150 1417 251 1468 Episcopo
263 1430 310 1456 esse
323 1418 473 1469 approbandos,
486 1418 566 1470 quoties
579 1431 640 1458 casus
653 1419 792 1470 deputationis
818 1421 952 1474 contigerit.”

150 1479 204 1518 Huic
216 1480 358 1519 constitutioni
369 1482 430 1520 ctiam
441 1481 541 1519 hodierna
551 1482 662 1520 Ecclesiae
673 1482 746 1532 praxis
759 1484 896 1534 suffragatur.

150 1552 179 1585 Ex
186 1551 252 1586 verbis
262 1553 326 1587 citatis
336 1563 412 1598 quoque
421 1557 480 1597 patet,
490 1555 629 1592 ‹tpprolvettoeio
638 1553 754 1587 vocabulum
764 1564 817 1588 reuse
829 1557 900 1597 latiori,
915 1567 952 1600 quo

175 1602 306 1646 approbationi
315 1602 372 1636 simul
386 1603 521 1644 etjurisdictio
531 1604 623 1644 inhaeret,
634 1603 747 1636 sumendum
757 1613 809 1637 esse.

225 1662 250 1713 2]
268 1667 363 1704 Alterum
375 1678 441 1717 genus
453 1678 603 1715 personarum,
623 1678 673 1716 quas
692 1667 819 1705 confessarii
831 1668 951 1717 ceteroquin

146 1726 322 1775 jurisdictionati,
340 1728 399 1765 noxis
419 1727 503 1776 expiare
521 1739 561 1764 non
579 1728 661 1772 valent,
681 1728 811 1765 constituunt
829 1728 951 1778 eorrepltceS,

151 1789 269 1836 quibuscum
286 1788 369 1836 peccati
391 1794 464 1824 contra
482 1794 564 1824 sextum
582 1787 686 1837 Decalogi
703 1794 839 1835 praeceptum
856 1799 906 1825 reos
929 1800 951 1825 se

150 1848 257 1893 fecerunt,
275 1849 347 1885 nisiin
360 1848 447 1885 articulo
459 1847 540 1891 mortis,
558 1847 845 1884 1111111010111111111111110111
863 1848 950 1885 alterius

150 1908 272 1947 sacerdotis.
285 1908 324 1957 Qui
336 1920 398 1947 secus
410 1908 506 1953 fecerint,
517 1908 562 1957 ipso
575 1909 630 1946 facto
643 1907 877 1946 excommunicationem
890 1908 950 1946 Sum-

150 1983 181 2009 mo
192 1970 287 2010 Pontifici
299 1976 430 2010 reservatam
446 1969 569 2017 incurrunt;
588 1969 645 2021 ipsae
665 1982 715 2009 vero
735 1969 876 2009 absolutiones
895 1971 952 2010 inva-

149 2033 202 2074 lidae
214 2041 234 2073 et
245 2035 319 2074 irritae
332 2041 380 2073 sont
391 2033 508 2085 nulliusque
521 2034 605 2074 valoris.
618 2034 750 2085 Praecipitur
763 2033 801 2074 boc
812 2034 875 2073 Bulla
885 2036 952 2073 Bene·

151 2097 199 2137 dicti
219 2099 283 2144 XIV,
307 2111 359 2149 quae
377 2097 461 2147 incipit:
485 2097 661 2136 „Sacramentum
678 2096 835 2136 Pocnitentiae”
855 2094 897 2136 dd⁰.
917 2094 952 2136 30.

149 2161 239 2212 Augusti
252 2157 317 2199 1141.
329 2161 407 2206 Locus,
420 2159 454 2209 qui
465 2158 518 2196 hanc
530 2160 639 2197 materiam
651 2165 739 2209 spectat,
751 2159 824 2197 habet:
838 2158 953 2198 „Omnibus

151 2228 171 2258 et
182 2222 271 2272 singulis
283 2221 428 2260 sacerdotibus
440 2242 470 2247 ——
482 2242 512 2247 —-
522 2243 552 2249 -
563 2220 707 2259 interdicimus
726 2227 746 2259 et
763 2220 910 2270 probibemus,
928 2232 953 2258 111

152 2283 223 2333 aliquis
235 2296 307 2322 eorum
319 2290 379 2322 extra
392 2295 463 2321 casum
476 2290 583 2321 extremae
595 2283 737 2328 necessitatis,
749 2283 847 2321 nimirum
854 2282 874 2320 in
886 2282 953 2332 ipsius

152 2345 238 2382 articulo
250 2346 336 2390 mortis,
356 2345 464 2383 deficiente
476 2351 525 2383 tunc
543 2356 664 2394 quocunque
677 2344 786 2382 sacerdote
799 2345 845 2389 alio,
859 2343 893 2393 qui
905 2355 952 2380 con·

151 2405 235 2442 fessarii
246 2418 318 2443 munus
331 2406 388 2443 obire
400 2406 480 2455 possit,
499 2406 652 2443 confessionem
665 2405 838 2442 sacramentalem
850 2415 952 2453 personae

151 2465 257 2513 complicis
268 2466 288 2502 iu
300 2473 386 2513 peccato
399 2466 454 2513 turpi
467 2471 528 2514 atque
542 2464 651 2502 inhonesto
665 2471 738 2501 contra
756 2471 839 2501 sextum
849 2464 952 2512 Decalogi

149 2530 283 2574 praeceptum
295 2526 411 2568 conunisso,
431 2525 529 2573 excipere
541 2524 625 2567 airdeat,
643 2524 725 2561 sublata
736 2531 849 2573 propterea
865 2523 897 2559 illi
907 2523 952 2571 ipso

145 2585 196 2635 jure
208 2596 327 2635 quacunque
346 2586 472 2624 auctoritate
485 2591 505 2623 et
519 2584 667 2634 jurisdictione
681 2585 704 2624 ad
724 2586 887 2636 qualemcunque
904 2595 951 2633 per-

149 2658 222 2685 sonam
234 2645 258 2683 ab
270 2645 386 2694 hujusmodi
398 2648 457 2699 culpa
469 2647 629 2694 absolvendam,
642 2647 692 2687 adeo
705 2647 796 2699 quidem,
808 2652 830 2684 ut
843 2644 950 2693 absolutio,

149 2711 168 2750 si
181 2722 241 2762 quam
252 2708 383 2760 impertierit,
394 2710 450 2750 nulla
458 2718 518 2763 atque
529 2712 591 2750 irrita
603 2712 684 2750 omnino
692 2711 726 2759 sit,
738 2718 836 2762 tanquam
847 2709 952 2760 impertita

149 2772 292 2819 asaeerdote‚
305 2772 338 2823 qui
352 2772 497 2822 jurisdictione
517 2788 540 2814 ac
558 2775 658 2814 facultate
677 2774 701 2813 ad
718 2774 787 2813 valide
806 2772 951 2823 absolvendum

152 2861 321 2875 ----—-

175 2912 190 2947 ll
201 2910 221 2943 C.
232 2911 285 2942 Alma
294 2911 351 2940 010101
361 2907 383 2940 de
394 2907 488 2940 sententia
497 2909 634 2942 excommunic.
642 2908 660 2942 in
670 2910 709 2941 610.
