2056 3193
106 77 150 123 268

107 211 145 248 que
158 199 248 240 sineere,
260 202 281 232 et
292 195 339 244 quin
352 196 453 244 quidpiam
467 197 581 235 diminuant
593 205 628 235 aut
640 199 771 239 dissimulent
782 201 806 238 de
819 199 915 238 commis-

108 260 145 305 sis,
158 260 260 296 ineusent.
272 256 311 293 His
324 257 416 294 servatis
428 259 550 308 inspirabis
561 259 662 307 ejusmodi
673 263 839 309 poenitentibus:

182 316 205 364 I]
218 316 322 354 litatorem,
334 321 357 355 et
367 321 618 371 (testimodicacitaqncm
627 323 691 370 potes
703 326 832 373 aiveinamma,
848 324 915 374 ptiri-

107 384 165 419 totz's.
183 378 271 426 Semper
283 379 399 416 nominabis
417 381 473 418 illam
491 382 590 418 virtutem
609 387 702 419 sanctam
721 384 820 421 virtutem
836 383 915 435 angeli·

107 453 159 484 cam,
171 445 262 476 uttauto
274 439 320 488 plus
332 441 362 477 illi
375 442 474 479 concilies
487 442 645 479 aestimationis.
667 442 763 479 Monebis
782 444 819 482 hac
837 446 915 482 virtute

108 501 174 539 attolli
185 512 230 545 1105,
244 506 264 537 et
275 501 342 538 levari
354 514 418 551 supra
430 503 576 551 nosmetipsos,
589 515 653 550 supra
671 504 754 551 quasvis
769 504 916 543 inclinationes
952 547 954 550 ¹

107 568 198 605 11051105,
217 566 322 610 utcunque
334 563 400 600 fortes
420 569 439 599 et
455 562 591 600 vehementes
609 564 729 612 similesque
747 565 834 614 Angelis
853 566 915 604 effici.

106 622 201 661 illonebis
221 628 291 659 castos
309 635 359 671 prae
378 624 454 660 ceteris
476 624 540 660 amari
559 624 658 675 diligique
674 637 685 661 a
700 626 752 661 Deo,
777 623 831 671 „Qui
848 626 917 677 diligit

107 683 177 721 cordis
189 683 316 727 imunditiam,
328 706 358 710 -—
369 705 399 710 —-
410 683 493 721 habebit
511 685 599 721 anticum
611 684 731 735 regen1”¹].
750 686 773 722 ln
792 687 917 724 aeternitate

108 745 190 781 futuros
203 744 249 780 illos
261 744 280 779 in
294 744 391 780 comitatu
404 745 476 792 sponsi
487 745 520 781 sui
532 745 610 793 primos
629 751 649 781 et
664 746 777 793 proximos.
799 745 915 795 „Virgines

107 827 137 832 -
148 806 398 854 —-seq11unturllgnuni
411 816 532 853 quecunque
544 805 603 850 ierit:
616 806 660 842 sine
672 807 754 843 macula
767 806 820 842 enim
833 812 881 842 sunt
897 813 916 843 et

108 865 221 903 cantabunt
233 864 337 902 canticum
349 877 431 910 novum,
445 866 496 914 quod
509 878 568 903 nemo
580 872 650 914 potest
662 878 738 904 cancre
747 865 787 913 2).”

180 921 206 971 2)
219 923 407 974 Reptrteseatobis
418 929 567 975 anporttatan
579 933 736 977 quantacunque
748 928 784 964 illa
795 927 833 970 sit,
851 929 916 973 11101-

107 990 161 1025 tizou
173 982 269 1036 Sptrttnt
279 990 356 1024 scutato
368 990 464 1025 artissime
476 990 625 1037 contrarierat,
638 990 664 1026 itt
672 990 748 1025 01111101
759 992 823 1037 turpe
837 993 858 1024 et
874 985 915 1024 ab·

100 1050 194 1095 ¹jecttnu,
207 1046 259 1094 1111011
272 1059 310 1084 11011
325 1054 401 1084 tantum
415 1048 503 1085 animam
515 1049 654 1093 contaminat,
673 1049 708 1086 sed
722 1055 742 1086 et
757 1060 833 1097 corpus
847 1070 875 1084 —.
885 1048 916 1085 vi·

108 1121 155 1145 vuiu
169 1107 261 1155 Spiritus
274 1108 342 1145 sancti
360 1108 457 1156 templum
470 1116 532 1146 -et
549 1109 607 1157 enjus
626 1110 670 1146 sola
689 1110 740 1158 apud
754 1110 805 1146 alios
824 1108 915 1157 suspicio

107 1170 205 1205 ruborem
218 1167 276 1203 nobis
289 1168 355 1213 elicit3
368 1175 390 1205 ut
400 1173 516 1217 peccatam
528 1170 582 1207 (ideo
593 1169 752 1219 periculosum,
767 1168 916 1217 cujushabitus

107 1235 187 1278 promte
200 1233 220 1264 et
232 1227 293 1265 facile
307 1229 444 1274 contrahitur,
458 1242 482 1267 ex
495 1242 533 1279 quo
547 1230 611 1267 ardue
621 1236 644 1267 et
655 1230 684 1266 ita
695 1242 745 1267 raro
757 1229 882 1279 emergitur,
894 1235 917 1265 ut

106 1289 207 1338 plerique,
220 1289 285 1336 quiin
297 1289 346 1326 illud
359 1290 463 1334 labantur,
476 1291 557 1327 luneste
569 1291 589 1327 in
602 1302 626 1326 eo
639 1290 700 1327 etiam
712 1296 811 1338 pereant,
829 1296 852 1326 ut
861 1301 916 1338 peo-

106 1353 187 1397 catttm,
202 1348 436 1399 qoodtentattonttns,
456 1363 507 1400 quas
520 1351 617 1388 continuo
635 1351 722 1395 excitat,
744 1357 763 1387 et
778 1349 917 1387 remorst'bus

107 1422 186 1448 onmem
199 1412 292 1461 quietem,
304 1417 324 1448 et
334 1424 412 1462 pacem
425 1418 445 1449 et
457 1411 640 1464 tranquillitatem
652 1410 811 1449 onirituetollt‘i.

180 1472 239 1510 Haec
252 1479 376 1523 argumenta
388 1474 439 1511 hene
452 1473 504 1522 apud
516 1480 536 1512 te
549 1474 653 1523 expendas
670 1485 758 1511 necesse
777 1479 822 1517 est,
841 1479 864 1509 ut
882 1484 915 1509 ac-

108 1533 238 1572 conunodare
250 1534 405 1582 poenitentibus
417 1534 496 1583 possis,
514 1529 540 1576 ac,
552 1535 612 1584 plane
627 1534 730 1571 instillare
746 1546 804 1571 more
818 1532 915 1576 nutricis,

108 1608 159 1646 quae
173 1595 239 1632 cibum
252 1594 325 1633 durum
337 1595 357 1633 in
370 1596 402 1634 lac
415 1596 526 1643 convertit,
539 1596 611 1645 suique
623 1595 719 1646 providet
730 1595 807 1633 alumni
823 1593 915 1632 necessi-

107 1658 152 1696 tati.
165 1656 281 1706 Praecipua
294 1664 361 1696 autem
375 1671 424 1697 eura
436 1658 488 1709 ipsis
500 1658 628 1708 persuadeas
640 1658 751 1696 veritatem
763 1669 865 1708 nunquam
883 1668 916 1694 sa-

107 1721 134 1758 tis
146 1719 298 1764 inculcandam,
312 1722 372 1770 qnod,
385 1727 460 1770 quanto
478 1720 546 1773 magis
566 1721 722 1759 accunmlantur
740 1725 841 1769 peccata,
859 1724 916 1756 tanto

107 1781 207 1820 reddatur
219 1781 324 1819 difficilior
337 1784 458 1821 consecutio
472 1783 546 1821 salutis
551 1798 557 1829 ;
570 1789 590 1820 et
602 1789 678 1832 quanto
689 1782 775 1830 pronius
789 1788 828 1826 est,
845 1782 865 1818 in
877 1780 916 1817 1100

106 1844 179 1881 vitium
191 1843 265 1888 delabi,
277 1850 334 1881 tanto
347 1844 452 1882 difficilius
465 1845 492 1882 sit
503 1844 550 1882 inde
563 1856 680 1899 emergere.
695 1842 734 1891 Qui
744 1842 784 1880 hoc
796 1841 916 1891 persuadet,

108 1904 199 1942 securim
211 1905 276 1941 mittit
288 1905 312 1942 ad
323 1906 414 1944 radicem
428 1907 517 1943 arboris.
529 1905 569 1943 Die
581 1905 638 1950 illud,
655 1905 707 1953 quod
719 1916 773 1941 nunc
785 1909 818 1941 est
829 1901 916 1940 durissi-

108 1979 141 2004 ma
154 1966 273 2013 crystallus,
293 1967 340 2015 quid
352 1967 391 2003 fuit
403 1967 528 2016 aliquande?
548 1966 596 2003 Fuit
613 1965 681 2002 tenuis
699 1976 770 2013 vapor.
790 1964 862 2012 Vapor
883 1962 917 1999 hic

106 2028 173 2077 primo
187 2026 264 2063 coaluit
275 2027 295 2062 in
307 2027 410 2071 nebulam,
423 2033 465 2064 tum
478 2026 645 2064 condensabatur
657 2025 676 2062 in
690 2026 765 2069 nivem,
780 2024 827 2061 inde
840 2035 916 2074 conge·

108 2090 163 2126 latus
174 2088 194 2124 in
208 2087 305 2138 glaciem,
321 2087 408 2138 denique
426 2088 535 2125 induratus
547 2088 567 2124 in
585 2093 673 2135 petram.
693 2086 729 2124 Sic
742 2086 804 2123 etiam
822 2085 917 2129 tentatio,

108 2162 159 2200 quae
172 2149 196 2186 ab
208 2148 268 2186 initio
281 2148 333 2186 levis
346 2155 392 2186 erat
403 2161 476 2198 vapor,
492 2155 513 2186 et
524 2148 645 2186 solvebatur
657 2147 722 2186 radiis
734 2159 774 2185 non
790 2145 917 2184 veliementi-

107 2212 145 2249 bus
158 2211 216 2255 sotis,
229 2210 309 2248 denmm
321 2211 413 2260 repititis
426 2211 507 2248 actibus
520 2209 621 2248 solidatur
632 2209 700 2247 instar
713 2208 814 2257 crystalli,
827 2214 848 2245 et
858 2207 917 2245 ferro

107 2272 196 2309 resistit.
213 2272 288 2309 Visum
308 2272 402 2321 sequitur
420 2271 528 2323 cogitatio,
547 2271 695 2322 cogitationem
715 2269 838 2313 delectatio,
863 2268 917 2305 dele-

109 2333 220 2371 ctationem
238 2345 368 2379 consensus,
386 2345 511 2371 consensuro
524 2337 587 2382 opus,
605 2344 656 2381 opus
674 2330 812 2373 consuetudo,
831 2340 917 2366 consue·

109 2394 199 2431 tudinem
216 2395 345 2438 necessitas,
366 2394 516 2432 necessitatem
534 2392 663 2442 desperatio,
685 2390 852 2439 desperationem
870 2400 918 2427 con-

108 2455 217 2492 demnatio.

187 2512 212 2562 3)
225 2515 349 2554 Eclttbebts
360 2516 420 2555 tacita
432 2517 544 2555 0111551110
557 2515 680 2563 conjuncta.
700 2512 801 2562 Quantam
817 2511 918 2549 malorum

109 2576 261 2615 multitudinem
273 2578 336 2615 fallax
347 2577 399 2615 haec
411 2577 529 2628 pestilentia
541 2588 613 2614 secum
624 2574 699 2613 trabit!
711 2574 780 2613 Primo
793 2572 917 2622 famampol-

109 2639 154 2683 luit,
174 2650 226 2687 quae
238 2638 292 2674 inter
310 2651 345 2676 res
358 2640 458 2677 humanas
471 2644 504 2675 est
514 2637 679 2687 pretiosissima,
698 2647 758 2685 quam
776 2634 821 2684 qttis
840 2634 918 2672 babere

109 2706 188 2751 potest,
206 2711 245 2736 nec
257 2699 318 2736 ullum
335 2707 443 2749 peccatum
465 2707 507 2745 est,
529 2699 581 2750 qviod
596 2698 711 2747 turpiorem
727 2708 798 2734 secum
812 2695 918 2733 infamiam

110 2762 174 2800 trabit
185 2760 276 2799 luxuria.
288 2760 367 2798 Deinde
380 2769 400 2800 et
411 2762 469 2799 vires
481 2760 570 2798 bominis
584 2765 677 2803 enervat,
690 2756 864 2807 pulchritudinem
883 2768 918 2794 au·

115 2849 293 2858 *α’-.-

135 2899 150 2937 ¹)
159 2897 219 2928 Prov.
229 2894 291 2927 XXII.
302 2895 330 2926 ll.
340 2911 365 2916 -
373 2896 389 2933 2)
399 2894 458 2936 Apoc.
468 2894 518 2927 XIV.
