2056 3193
452 186 519 240 Lucri
531 187 637 240 studium.

219 312 237 365 ξ.
250 310 284 351 31,
298 310 345 348 Hoc
359 310 443 356 vitium,
461 311 512 361 quod
530 312 624 361 opinione
640 311 702 350 citius
715 312 804 351 animum
823 314 948 353 confessarii

146 379 243 423 occupat,
260 383 344 408 sacrum
358 372 501 409 Poenitentiae
517 378 586 409 actum
602 372 721 410 considerat
736 379 832 423 tanquam
855 375 947 413 occasio-

145 447 191 472 nem
203 435 302 470 donorum
313 433 490 482 recipiendorum,
508 438 529 469 et
540 433 628 470 aliorum
640 432 777 471 familiaritati
789 447 811 473 se
822 435 947 480 insinuandi,

144 493 246 532 beneficia
257 494 403 532 ecclesiastica
414 492 543 542 acquirendi,
560 499 599 531 etc.
613 493 741 533 Sacerdotes
754 495 808 533 tales
824 509 864 534 non
881 497 902 534 in
914 508 947 534 ea-

144 561 226 604 pturam
239 555 361 600 animarum,
379 554 415 592 sed
429 554 450 591 in
462 559 570 603 capturam
582 555 666 605 argenti
680 556 783 602 velauri,
800 559 834 595 vel
847 556 947 602 lionoris,

143 616 177 653 vel
193 627 259 654 vanae
281 617 361 667 gloriae
376 615 430 653 retia
441 615 524 661 laram,
542 622 563 654 et
575 616 635 665 quia,
651 623 674 654 ut
685 624 781 655 votorum
793 631 878 657 suorum
893 632 947 657 com·

143 677 270 726 potesfrant,
279 690 318 715 non
330 689 378 715 raro
390 676 511 725 turpissimo
519 675 623 715 hominum
634 677 709 715 timore
720 679 808 725 irretiti,
821 681 882 717 nimis
890 682 948 717 lenes

145 744 166 776 et
173 738 247 777 faciles
258 752 282 790 se
293 739 400 787 praebent;
413 738 582 775 comminationes
590 739 631 776 Dei
639 740 691 789 apud
702 740 824 790 prophetam
830 742 906 778 lsaiam
917 741 948 777 in·

145 807 245 839 currunt:
264 800 332 846 ‚‚Vae,
350 799 384 850 qui
396 799 465 837 dicitis
477 800 552 837 malum
564 800 646 846 bonum,
659 807 680 838 et
691 802 766 840 bonum
777 803 860 849 malum,
872 814 948 853 ponen-

145 868 177 900 tes
189 857 286 901 tenebras
298 862 373 906 lucem,
386 861 480 899 etlueem
489 863 594 908 tenebras,
606 868 706 912 ponentes
718 875 810 902 amarum
817 865 837 903 in
850 864 916 911 dulce,
929 869 949 902 'et

146 924 204 964 dulce
216 923 236 962 in
248 923 352 962 amarum”
361 921 387 971 1).
406 924 499 973 „ncepta
514 936 601 962 munera
613 924 716 975 multaque
729 938 801 964 eorum
819 925 948 976 accipiendo·

145 998 191 1025 rum
209 986 309 1036 cupiditas
327 985 398 1025 oculos
417 985 540 1035 sapientium
559 993 682 1033 excaecant,
700 993 721 1024 et
737 988 844 1036 justorum
864 1000 949 1026 sensum

146 1045 328 1098 corrutnpunt”²),
346 1047 457 1085 occludunt
468 1059 504 1092 os,
522 1048 640 1098 quominus
656 1061 692 1094 ea,
710 1061 750 1099 qua
767 1050 854 1089 dicenda
870 1050 948 1095 forent,

146 1110 208 1148 animi
221 1109 318 1147 libertate
329 1109 447 1160 prodamus,
466 1108 520 1157 „Qui
534 1109 610 1159 accipit
627 1110 689 1147 xenia
701 1117 722 1148 et
735 1111 798 1158 dona,
810 1112 869 1162 quasi
880 1117 948 1149 mutus

145 1172 166 1210 in
178 1184 213 1210 ore
226 1170 302 1209 avertit
314 1170 469 1220 correptiones²’
477 1167 503 1217 ³).
515 1170 570 1208 Hinc
582 1170 811 1219 ejusmodisacerdotes
822 1185 863 1211 non
874 1173 950 1211 audent

145 1233 297 1284 poenitentibus
314 1231 425 1269 veritatem
447 1231 540 1281 aperire,
564 1244 602 1270 nec
626 1244 713 1282 aequum
731 1233 786 1271 ferre
804 1234 905 1283 judicium
925 1233 949 1271 de

146 1294 285 1334 conscientiae
293 1294 386 1343 ipsorum
394 1299 457 1337 statu,
470 1293 590 1344 excogitant
597 1295 631 1331 vel
639 1296 791 1344 amplectuntur
800 1296 949 1334 commodiores

145 1356 262 1406 opiniones,
275 1361 389 1406 quaesunt,
402 1361 424 1392 ut
431 1354 531 1404 propheta
539 1355 629 1404 loquitur
636 1351 663 1403 4),
676 1362 772 1406 tanquam
783 1357 863 1406 pulvilli
869 1357 949 1402 molles,

146 1418 180 1469 qui
191 1418 232 1456 illis
244 1417 293 1455 mali
304 1417 335 1454 sui
349 1415 489 1467 cognitionem
506 1416 625 1454 auferentes
645 1429 724 1455 omnem
740 1419 802 1456 etiam
820 1430 877 1469 spem
893 1418 949 1456 aufe·

145 1486 195 1518 runt
206 1478 326 1519 curationis.
341 1478 385 1517 „Ad
397 1476 554 1524 authoritatem,
572 1478 731 1529 libertatemque
750 1480 855 1518 curatoris
873 1480 950 1517 anima·

146 1554 192 1580 rum
202 1540 293 1592 insignis
308 1546 341 1578 est
357 1539 464 1588 monrenti,
482 1539 559 1577 nemini
577 1552 658 1585 eorum,
676 1553 726 1590 quos
749 1541 842 1592 dirigere
857 1541 878 1579 in
895 1541 950 1579 salu-

146 1604 173 1642 tis
184 1603 229 1648 via,
246 1609 268 1640 et
278 1602 313 1640 ubi
324 1600 471 1640 aberraverint
482 1601 590 1651 corripere
601 1601 753 1652 retrahet-eque
765 1603 836 1648 debet,
853 1615 900 1641 esse
916 1603 950 1640 ob-

146 1665 229 1703 noxium
237 1664 296 1702 titulo
304 1661 440 1713 praebitionis
452 1662 626 1701 etalimentorum.
639 1663 737 1713 Vereque
750 1663 820 1703 dehoc
832 1664 950 1716 generedo-

146 1738 219 1765 norum
231 1726 273 1764 diei
284 1725 361 1762 solent:
380 1723 419 1773 Qui
431 1724 499 1773 capit:
517 1724 611 1773 capiturs
622 1723 728 1763 Fiduciam
744 1725 842 1764 videlicet
860 1725 950 1771 amittit,

147 1788 254 1839 quidquam
263 1787 312 1836 jure
325 1786 421 1825 censorio
433 1785 509 1836 agendi
521 1797 567 1823 cum
579 1798 614 1830 eo,
633 1785 691 1833 cujus
703 1787 807 1835 patronali
818 1787 951 1825 reverentiae

146 1849 229 1888 clientis
240 1847 355 1886 humilitate
375 1860 397 1885 se
413 1846 504 1897 astringi
518 1858 593 1896 passus
613 1845 692 1894 est.’'⁵)
711 1847 829 1886 Cavendum
841 1860 891 1886 sane
909 1860 951 1886 ma-

146 1923 239 1962 gnopere
252 1917 285 1948 est
297 1908 441 1948 sacerdotibus
454 1907 602 1954 confessariis,
614 1908 638 1945 de
651 1908 725 1958 quibus
736 1909 770 1948 hic
781 1909 823 1947 loci
834 1910 893 1947 nobis
906 1921 951 1947 ser-

145 1985 178 2010 mo
191 1978 233 2017 est,
251 1978 273 2010 ut
287 1971 312 2008 ab
327 1970 429 2008 avaritiae
446 1975 515 2019 peste,
534 1980 585 2019 quae
605 1975 637 2007 est
655 1969 758 2008 idolorum
781 1971 884 2016 servitus,
902 1976 923 2008 et
941 1983 952 2008 a

147 2034 270 2084 cupiditate,
283 2044 335 2082 quae
346 2032 406 2069 radix
418 2030 508 2068 oninium
519 2031 621 2068 malorum
633 2036 675 2075 est,
689 2043 711 2068 se
727 2032 834 2082 elongent,
852 2038 913 2082 atque
931 2031 951 2069 in

147 2094 313 2134 confessionibus
333 2092 460 2142 excipiendis
472 2091 533 2129 unice
546 2092 566 2129 in
577 2092 618 2129 Dei
630 2092 719 2142 gloriam
732 2099 753 2130 et
764 2093 878 2130 animarum
896 2093 951 2131 salu·

147 2162 189 2194 tem
206 2156 294 2200 intenti,
311 2167 349 2193 nec
361 2153 388 2191 ab
400 2156 495 2192 [1111111111
514 2152 581 2190 eorde
594 2153 677 2190 inanem
695 2153 798 2204 gloriam,
815 2166 853 2192 nec
868 2153 895 2192 ob
914 2166 953 2192 ore

149 2217 243 2263 laudem,
260 2228 299 2254 nec
311 2227 403 2253 1111111111
414 2215 510 2264 recipere
522 2213 652 2252 donationem
664 2212 795 2264 quae1·ant⁶].

222 2278 313 2318 „Videte
326 2283 347 2315 et
359 2282 430 2314 cavete
442 2276 466 2313 ab
480 2275 534 2313 ouini
546 2275 639 2313 avarita’
649 2274 681 2322 ⁷),
693 2276 759 2326 inquit
771 2275 869 2314 Christus
881 2276 952 2314 Domi·

148 2339 204 2386 nius,
222 2346 308 2378 cunctos
320 2338 405 2383 fideles,
424 2337 460 2375 sed
475 2336 563 2375 maxime
575 2336 688 2387 discipulos
706 2343 726 2374 et
738 2337 846 2375 ministros
859 2349 908 2375 suos
924 2338 953 2375 al·

148 2401 239 2450 loquens.
253 2400 345 2439 Gravius
357 2399 431 2449 quippe
443 2397 577 2448 atrotiusque
588 2397 627 2436 hae
645 2397 759 2447 pestiferae
777 2399 822 2436 lues
833 2399 854 2436 in
865 2399 907 2436 illis
920 2399 953 2436 da·

149 2468 243 2507 rimatur,
260 2473 320 2513 quam
331 2461 352 2499 in
366 2460 407 2505 its,
425 2460 459 2509 qui
470 2471 542 2498 eorum
557 2458 618 2496 dictis
631 2464 652 2495 et
664 2460 763 2509 exemplis
776 2459 800 2497 ab
811 2460 844 2498 his
857 2460 954 2498 coerceri

149 2522 269 2560 debuerunt.
283 2522 363 2561 Scribit
375 2519 561 2559 enimvenerabilis
569 2519 634 2565 Beda,
643 2521 696 2569 quod
707 2521 799 2559 nonnulli
807 2521 954 2567 sacerdotum,

149 2583 197 2621 dum
207 2583 278 2633 ignem
285 2582 404 2633 cupiditatis
411 2582 458 2632 igni
469 2593 572 2632 supernae
580 2581 699 2620 dilectionis
708 2588 846 2632 anteponunt,
857 2581 907 2632 igne
920 2594 954 2620 su-

148 2656 228 2695 pernae
239 2644 324 2682 ultionis
336 2646 479 2683 absumantur.

156 2749 333 2758 ,-.--.-...-

173 2802 189 2842 ¹)
198 2797 237 2833 lsai
246 2798 270 2831 V.
279 2798 309 2830 20.
318 2816 342 2822 —
352 2797 368 2835 ²)
378 2801 436 2834 Dent.
446 2801 496 2835 XVI.
509 2802 537 2835 19.
547 2819 570 2824 —
579 2803 595 2841 ³)
604 2799 664 2834 Ecoli.
674 2799 719 2834 XX.
729 2802 759 2834 31.
766 2818 789 2824 -
798 2801 814 2841 4)
822 2800 894 2835 Ezeeh.
902 2800 955 2836 xm.

199 2848 228 2882 18.
240 2847 270 2881 19.
279 2863 304 2870 —-
312 2848 328 2887 ⁵)
338 2847 359 2880 S.
368 2848 436 2882 lirano.
443 2851 493 2884 Xav.
504 2859 535 2894 ep.
548 2858 591 2885 nov.
599 2849 642 2883 libr.
651 2850 669 2883 1.
682 2859 712 2893 ep.
722 2850 739 2883 1.
749 2868 772 2873 -
780 2850 796 2890 θ]
807 2849 827 2883 S.
836 2849 896 2894 Greg.
904 2851 954 2885 Mor.

198 2894 240 2931 libr.
251 2898 269 2930 9.
280 2904 297 2929 c.
307 2895 337 2929 311.
346 2913 370 2920 ·-
379 2899 395 2937 7)
405 2897 451 2930 Luc.
460 2899 502 2932 ΧΠ.
514 2901 543 2932 15.
