2056 3193
262 207 401 263 1011011111
415 207 470 261 lidos
484 206 507 261 in
521 208 598 279 sigillo
613 206 766 263 coitlessionis
781 207 898 263 10110110.

251 334 268 385 ξ.
281 330 317 371 56.
331 332 430 384 Sigillum
438 335 584 377 confessionis,
597 346 622 370 ex
630 333 676 382 ipsa
689 334 821 373 confessione
834 334 984 383 sacramentali

178 402 252 439 ortum,
266 394 510 434 confessariosacerdoti
521 394 625 443 competit,
637 394 657 431 11
670 400 767 444 quantum
781 403 813 433 est
821 397 915 434 minister
923 395 983 444 hujus

178 454 340 502 Sacramenti¹].
353 457 385 494 De
399 457 421 494 S.
433 455 543 494 Anthrosio
555 454 662 499 Paulinus,
671 455 715 503 ejus
724 455 846 504 discipulus,
857 457 887 495 ita
899 457 982 495 scribit:

177 518 243 555 „Erat
259 517 354 566 gaudens
373 529 418 554 cum
431 516 569 567 gaudentibus
588 521 609 551 et
623 517 677 552 llens
692 528 738 553 eum
753 516 859 553 flentibus.
876 518 983 567 Siquidem

175 577 339 627 quotiescunque
358 578 388 614 illi
400 577 473 626 aliquis
485 576 510 613 ob
521 576 675 625 percipiendam
686 576 838 614 Paenitentiam
849 578 921 627 lapsus
933 590 982 616 suos

175 637 287 675 confessus
300 644 369 682 esset,
387 638 417 674 ita
428 637 501 681 flebat,
514 642 536 673 ut
548 643 568 673 et
578 636 636 674 illum
647 638 699 673 11010
712 637 853 685 corripelleret.
866 638 983 677 Videbatur

175 697 229 735 enim
241 698 281 735 sibi
300 710 345 735 cum
360 697 444 745 jacente
459 696 540 744 jacere.
565 697 646 734 Causas
663 703 730 734 autem
750 698 868 741 criminum,
888 710 938 747 quas
954 699 983 735 illi

175 760 341 802 confitebantur,
357 758 417 802 nulli,
436 757 477 794 nisi
498 758 586 794 Domino
605 758 654 802 soli,
674 758 726 807 apud
744 770 803 807 quem
829 759 982 804 intercedebat,

174 819 308 868 loquebatur,
328 818 403 855 bonum
417 818 538 868 relinquens
554 819 669 867 exemplum
684 819 777 868 posteris
792 818 949 865 sacerdotibus,
961 825 984 856 ut

174 879 329 917 intercessores
338 879 390 928 apud
397 880 464 917 Deum
470 879 592 929 sintmagis,
601 890 660 928 quam
666 886 802 917 accusatores
808 879 860 929 apud
867 878 982 917 homines.''

249 940 272 977 S.
287 940 419 990 Augustinus
436 940 507 977 eodem
519 951 594 983 sensu,
610 940 657 990 quia
669 940 740 978 eodem
752 940 838 989 spiritu,
857 940 887 977 ita
899 940 983 977 scribit:

176 1001 215 1041 „Si
227 1000 396 1052 transgredimur
414 1001 434 1038 111
447 1000 515 1051 aliquo
531 1007 618 1049 peceato
630 1008 678 1050 post
692 1001 828 1050 baptismum,
843 1001 863 1038 id
876 1007 921 1046 est,
937 1001 981 1038 fon·

175 1068 216 1099 tem
227 1063 377 1110 laerymarum,
397 1062 501 1100 ordinarit
512 1061 572 1099 nobis
583 1062 736 1100 Paenitentiam
747 1069 834 1112 propter
845 1062 982 1113 fragilitatem

174 1129 281 1168 nostram3
293 1123 339 1160 ideo
352 1123 450 1161 debemus
465 1129 549 1160 nostras
562 1123 707 1161 confessiones
718 1124 826 1162 veraciter
838 1122 943 1168 confiteri,
962 1128 983 1160 et

175 1185 256 1222 fructus
269 1184 343 1235 dignos
355 1184 436 1229 facere,
449 1184 468 1221 id
481 1191 520 1229 est,
531 1174 647 1233 praeterita
658 1197 683 1222 ne
695 1185 804 1229 iteremus,
816 1185 929 1222 secundum
936 1184 982 1233 jus-

174 1246 253 1283 sionem
264 1246 332 1282 Deum
347 1245 439 1282 timentis
451 1245 580 1291 sacerdotis,
597 1246 631 1295 qui
642 1246 754 1291 sacerdos,
772 1251 796 1282 ut
808 1246 891 1295 sapiens
904 1251 925 1282 et
939 1258 981 1283 rne-

174 1306 244 1352 dicus,
260 1307 348 1356 primum
363 1306 418 1344 sciat
432 1319 509 1345 curare
523 1313 612 1357 peccata
623 1320 672 1352 sua,
691 1313 712 1345 et
723 1313 797 1356 postea
810 1307 877 1344 aliena
894 1307 982 1345 11111011

174 1368 296 1419 detergere,
313 1373 333 1404 et
345 1380 432 1413 sanare,
449 1374 470 1405 et
481 1380 520 1405 non
530 1367 693 1419 publicarem).
709 1369 762 1406 Item
775 1368 916 1413 sozomenus,
935 1369 981 1405 dum

173 1429 248 1468 scribit
260 1429 284 1467 de
295 1429 419 1479 presbytero
435 1442 498 1480 super
515 1431 646 1480 poenitentes
663 1431 687 1469 ad
706 1429 818 1468 audiendas
838 1429 981 1468 confessiones

173 1497 194 1529 et
205 1491 339 1541 imponendas
351 1491 490 1541 poenitentias
505 1492 637 1542 praeposito,
654 1492 691 1530 ait:
712 1492 757 1531 „ald
769 1491 823 1530 hanc
834 1503 879 1528 rem
894 1492 980 1541 presby-

173 1559 241 1591 terum
256 1553 321 1590 bonae
334 1553 501 1591 conversationis
518 1556 686 1606 scrutantemque
702 1556 812 1591 secretum
824 1565 847 1590 ae
866 1552 981 1602 sapientem

173 1614 241 1652 virum
253 1614 393 1652 statuerunt.’'
412 1614 468 1653 Unde
482 1621 502 1652 et
513 1627 539 1652 01
549 1615 644 1665 plurimis
657 1615 703 1652 aliis
715 1615 851 1660 testimoniis,
870 1626 921 1664 quae
934 1615 981 1652 bre·

173 1676 244 1713 vitatis
256 1676 324 1714 studio
337 1688 377 1713 non
390 1688 591 1721 cornmemoramns,
609 1677 685 1727 liquido
705 1682 797 1725 constat,
815 1688 855 1713 non
867 1687 933 1725 nuper
945 1688 980 1712 na·

173 1743 227 1783 tam,
240 1737 277 1775 sed
288 1737 453 1787 antiquissimam
466 1751 513 1776 esse
526 1737 578 1776 hanc
591 1738 670 1777 secreti
678 1737 838 1788 obligationem,
851 1736 936 1788 tegendi
949 1749 980 1781 ea,

173 1811 225 1848 quae
237 1798 258 1836 in
270 1798 402 1836 confessione
415 1800 470 1837 dicta
482 1805 536 1837 sunt.
549 1800 661 1849 Repetitur
672 1811 723 1837 vero
735 1798 788 1836 baec
801 1797 928 1837 confessarii
946 1797 980 1846 ob·

172 1860 245 1911 ligatio
258 1872 283 1897 01
295 1859 373 1909 triplici
380 1860 440 1908 jure:

248 1918 272 1969 1]
284 1923 317 1959 Ex
334 1921 383 1969 J'ure
396 1928 495 1968 naturae,
512 1935 535 1960 eo
552 1922 605 1973 quod
621 1921 686 1960 omnis
706 1922 808 1959 confitens
823 1921 860 1958 sub
879 1920 917 1958 hac
935 1927 980 1958 tan-

172 1989 215 2020 tum
228 1983 345 2022 conditione
358 1983 441 2021 occulta
453 1989 474 2021 et
485 1995 563 2022 arcana
575 1996 613 2022 sua
626 1989 724 2033 exponat,
744 1989 766 2020 ut
782 1982 940 2020 strictissimum
953 1981 980 2019 si-

171 2045 258 2082 lentium
269 2050 379 2089 servetur,
391 2045 444 2082 unde
457 2045 551 2095 quisquis
564 2045 709 2083 confessiones
722 2044 809 2094 excipit,
828 2043 882 2081 banc
894 2043 980 2080 tacitam

173 2107 310 2144 conditionem
330 2111 432 2155 acceptat.
444 2107 542 2150 Accedit,
556 2107 608 2156 quod
619 2108 654 2144 lex
665 2112 753 2144 naturae
767 2106 789 2142 in
804 2117 883 2157 genere
898 2104 980 2154 praeci-

172 2166 224 2216 piat,
241 2174 263 2205 ut
277 2179 330 2217 quae
342 2173 426 2205 secreto
442 2168 501 2205 nobis
515 2168 627 2206 commissa
639 2175 698 2213 sunt,
715 2179 738 2204 00
754 2179 793 2204 11011
815 2166 946 2211 revelemus,
958 2170 981 2202 ut

175 2228 290 2278 depositum
303 2240 412 2266 servemus
423 2229 529 2275 illaesum;
545 2236 568 2267 ut
579 2229 646 2268 lamae
658 2229 747 2279 proximi
759 2228 904 2273 consulamus;
917 2233 940 2264 ut
952 2226 979 2263 al·

174 2289 215 2326 teri
225 2303 265 2328 non
277 2290 389 2335 iaciamus,
403 2291 455 2340 quod
467 2291 526 2328 uobis
538 2291 586 2329 fieri
596 2292 698 2329 nolumus.
917 2329 920 2332 .

246 2348 272 2399 2)
284 2354 316 2389 Ex
324 2351 373 2400 jure
386 2351 464 2397 divino,
477 2352 524 2403 quia
533 2353 682 2402 quamprimum
692 2352 784 2403 sigillum
795 2351 850 2388 istud
863 2351 979 2395 relaxatur,

175 2417 243 2449 actum
255 2413 296 2450 erit
307 2413 331 2450 de
346 2414 470 2463 integritate
483 2413 633 2459 confessionis,
649 2413 741 2462 adeoque
755 2412 914 2450 Sacramentum
926 2410 978 2448 Poe·-

173 2471 271 2510 nitentiae
289 2476 366 2512 ellectu
378 2486 426 2520 sue,
445 2486 505 2524 quem
518 2473 615 2512 Christus
632 2474 731 2519 intendit,
750 2473 895 2511 frustrabitur.
913 2471 979 2517 Prout

174 2546 229 2584 ergo
239 2534 318 2572 divinus
332 2535 445 2573 Redemtor
453 2535 528 2583 jussit,
540 2542 563 2573 ut
574 2536 704 2585 poenitentes
716 2541 804 2584 peccata
816 2546 854 2571 sua
866 2532 980 2576 confitean.

173 2600 218 2639 tur,
233 2595 262 2631 ita
279 2596 341 2633 etiam
352 2596 421 2634 sacris
444 2597 621 2635 conscientiarum
640 2596 725 2635 arbitris
741 2596 858 2634 absolutum
873 2594 978 2639 silentium

171 2655 271 2704 injunxit,
286 2657 306 2693 id
321 2658 374 2706 quod
392 2670 417 2695 ex
435 2658 547 2697 traditione
564 2665 583 2696 et
603 2658 707 2697 constanti
723 2657 834 2695 Ecclesiae
847 2667 886 2693 usu
898 2656 978 2694 abunde

172 2714 288 2764 constat³].

194 2862 208 2909 ¹]
219 2865 240 2897 S.
251 2864 320 2897 Thom.
331 2863 402 2899 Summ.
411 2867 497 2910 theolog.
507 2865 643 2911 Supplemlll.
650 2879 668 2912 q.
676 2866 693 2901 2·
703 2865 742 2900 aa.
786 2869 801 2905 ²)
811 2863 839 2901 Ad
847 2865 885 2903 aul.
892 2864 977 2912 Episea.

217 2914 233 2960 ³)
244 2913 302 2947 Vide:
311 2913 416 2947 Binterims
426 2915 631 2961 Denkwtirdigkeiten.
641 2918 664 2951 V.
673 2916 734 2951 Baud.
744 2919 762 2950 3,
773 2916 815 2950 Τ111.
825 2919 842 2953 8.
852 2918 876 2952 ll.
