2017 3193
233 202 404 274 lpprobaticnis
418 202 440 249 et
449 197 615 262 jurisdictionis
630 200 729 253 collatio.

154 334 171 386 §·
197 329 232 371 39
263 328 326 367 Circa
356 321 524 375 approbationem
560 324 673 363 Concilium
706 325 852 364 Tridentinum
865 326 882 374 ¹]

82 397 165 438 statuit:
194 392 289 445 „Nullum
310 388 372 426 etiam
399 383 521 433 regularem
539 395 602 439 posse
628 386 771 435 confessiones
801 388 882 436 secula-

82 461 141 501 rium,
154 455 215 493 etiam
201 437 376 491 sacerdotum,
388 443 474 487 audire,
491 455 530 481 nec
542 444 567 480 ad
578 444 598 480 rd
609 444 823 498 idoneumreputarr
840 449 883 485 nisi

67 524 70 526 '
82 526 116 558 aut
126 515 245 567 parochiale
256 509 386 550 heneficium,
399 510 433 541 aut
446 504 470 540 ab
481 498 585 553 Episcopo
600 516 638 553 per
650 517 742 551 examen,
754 509 772 545 si
783 508 815 546 illi
826 508 882 546 vide·

80 572 136 631 bitur
147 574 302 628 nesessarium
315 574 349 619 aut
361 564 412 602 alias
423 563 528 601 adoneus
520 564 650 613 perdocetur
671 572 691 602 ct
703 569 883 622 approbationem

82 626 198 688 obtineat'’
216 622 264 673 Jam
282 621 307 669 ιιι
327 616 359 664 his
375 614 443 662 blare
451 616 521 674 patet,
540 617 709 674 approbationem
727 627 751 664 ad
770 629 882 668 audiendas

76 682 224 740 ‘confessiones
236 689 361 733 secularium
374 686 436 724 etiam
448 685 588 732 sacerdotum,
601 687 625 725 ab
638 686 742 737 Episcopo
755 688 811 734 dari,
827 703 882 729 cam·

82 775 120 814 que
133 759 269 800 conditionem
284 761 331 790 esse
344 753 441 799 quantum
454 747 478 785 ad
489 747 632 797 presbyteros,
649 748 682 798 qui
693 748 794 788 beneficio
811 759 882 791 curato

83 830 161 869 carent
174 816 294 860 obtinendae
302 810 456 862 jurisdictionis
469 809 493 848 ad
507 822 581 849 mumrs
600 810 725 850 confessarii
739 812 807 850 valide
823 825 882 852 cxer·

83 887 168 926 cendum
178 877 318 920 necessariae.
337 874 417 912 Verum
431 873 492 922 juxta
509 873 568 911 ruodo
582 873 688 925 vigentem
703 875 777 924 praxin
793 887 882 915 commu-

82 962 128 987 nem
139 958 177 984 uuo
185 943 295 989 eodemque
308 935 462 987 approbationis
471 935 595 985 episcopalis
608 941 655 974 actu
664 936 724 974 simul
737 937 809 987 etipsa
817 937 883 987 juris-

83 1010 143 1048 dictio
161 1005 257 1054 delegata
273 1000 297 1038 ab
313 999 409 1048 episcopo
426 996 519 1035 conferri
536 997 602 1043 solet,
621 1003 643 1035 ut
655 997 705 1035 adeo
719 999 840 1048 approbatio
859 1000 884 1039 ad

83 1067 191 1109 audiendas
204 1062 347 1102 confessiones
356 1058 511 1109 jurisdictionis
524 1070 602 1109 quoque
615 1058 772 1098 concessionem
784 1061 882 1101 involvat.

82 1130 136 1167 Unde
148 1137 226 1177 quoque
239 1122 340 1174 explicari
351 1127 428 1171 potest,
441 1120 494 1170 quod
501 1120 557 1168 juris
570 1121 664 1158 canonici
672 1121 769 1159 docteres
782 1123 882 1173 approba·

81 1190 141 1228 tionis
158 1186 281 1225 vocabulum
295 1183 374 1234 passim
388 1181 459 1220 latiori
474 1193 537 1219 sensu
552 1182 667 1232 accipiant;
686 1182 705 1220 id
725 1183 777 1233 quod
792 1184 813 1221 in
829 1185 883 1234 stylo

81 1248 222 1289 Concellariae
235 1245 359 1285 dioecesium
372 1244 507 1294 plurimarum
518 1243 565 1281 fieri
576 1244 635 1281 solet.

145 1298 210 1347 'flacc
222 1307 342 1359 approbatio
355 1305 444 1344 obtineri
455 1305 516 1342 debet
528 1305 552 1342 ab
564 1304 675 1342 Ordiuario
687 1305 738 1351 loci,
753 1306 773 1344 in
786 1319 825 1357 quo
838 1308 883 1358 quis

80 1371 221 1411 confessiones
237 1370 302 1415 audit,
316 1368 350 1405 vel
368 1367 392 1405 ab
405 1367 449 1415 ejus
468 1366 562 1412 Vicario,
581 1366 642 1415 (sede
661 1373 748 1405 vacante
767 1381 779 1406 a
796 1369 883 1408 Vicario

80 1432 206 1483 Capitulari]
225 1444 272 1470 cum
282 1430 353 1479 utique
366 1429 390 1466 ad
408 1428 501 1477 cujusvis
512 1428 611 1478 Episcopi
626 1427 696 1466 officia
707 1436 796 1479 spectet,
813 1431 882 1481 provi-

79 1495 138 1539 dere,
156 1500 178 1531 ut
190 1493 272 1531 nonnisi
282 1491 350 1530 idonci
366 1490 491 1528 confessarii
499 1496 644 1539 exponantur.
658 1489 727 1538 Quare
746 1491 808 1529 etiam
830 1492 882 1530 Con·

80 1556 148 1594 cilium
166 1566 251 1592 numero
266 1552 342 1603 plurali
356 1552 432 1596 utitur,
447 1557 470 1588 ut
481 1551 596 1602 significet,
615 1551 636 1588 in
649 1550 738 1589 diversis
751 1552 883 1592 dioecesibus

80 1616 173 1653 diversas
185 1615 266 1665 requiri
275 1613 427 1663 Episcoporum
441 1612 607 1661 approbationes.

150 1676 190 1713 His
201 1674 324 1724 praemissis
337 1674 457 1723 approbatio
469 1685 509 1711 una
522 1686 567 1711 cum
575 1673 721 1722 jurisdictione
734 1674 852 1713 confertur:

155 1734 179 1783 1]
191 1736 301 1780 Parochis,
315 1741 336 1772 et
347 1734 381 1784 qui
391 1735 433 1771 illis
446 1735 614 1784 aequiparantur,
633 1746 671 1783 per
682 1734 779 1773 beneficii
792 1743 827 1774 aut
838 1736 883 1775 offi-

79 1797 111 1841 cii,
124 1797 177 1846 quod
190 1808 261 1835 curam
273 1797 387 1834 anirnarunr
400 1795 500 1833 adnexam
511 1794 580 1841 habet,
594 1794 732 1841 collationem,
745 1796 818 1845 quibus
830 1797 882 1835 nihi-

79 1857 165 1895 lonrinus
176 1863 244 1895 tamen
256 1857 330 1895 literae
338 1856 492 1903 jurisdictionis
503 1855 630 1905 parochialis
642 1856 759 1894 traduntur.

154 1914 180 1964 2]
194 1916 371 1966 cooperatoribus
384 1922 419 1953 aut
430 1916 516 1954 vicariis
528 1916 677 1966 temporalibus
689 1916 827 1965 parochorum
845 1930 883 1967 per

79 1977 218 2015 authenticum
237 1978 262 2015 ab
275 1977 386 2015 Ordinario
403 1977 438 2013 vel
456 1977 500 2024 ejrrs
512 1977 599 2014 Vicario
619 1976 716 2015 collatum
734 1978 882 2017 testimouium.

79 2038 115 2076 Sic
126 2037 200 2076 literae
209 2037 363 2086 jurisdictionis
372 2038 544 2087 cooperatoribus
557 2038 602 2075 dari
613 2037 687 2075 solitae
699 2037 719 2074 in
732 2038 884 2079 archidioeccsi

79 2099 193 2137 Viennensi
204 2099 234 2137 ita
245 2106 330 2137 sonant:
347 2099 488 2138 „Coliceditur
506 2099 543 2137 tibi
557 2099 664 2138 sacerdoti
679 2100 796 2138 exaurinato
813 2108 834 2139 et
849 2115 883 2151 ap·

78 2160 164 2210 probato
186 2160 289 2207 facultas,
308 2168 331 2199 ut
348 2161 368 2199 iu
386 2160 483 2199 Ecclesia
501 2160 618 2211 parochiali
638 2161 662 2198 N.
682 2161 706 2199 Ν.
726 2169 884 2212 cooperatorem

79 2234 151 2274 agere,
165 2234 227 2261 curae
241 2223 356 2262 animarum
367 2235 452 2270 vacare,
471 2223 614 2263 confessiones
628 2224 792 2262 sacramentales
805 2226 883 2264 utrius-

80 2297 117 2334 que
133 2297 196 2323 sexus
211 2309 281 2314 —-
296 2287 393 2337 excipere
411 2286 504 2324 valeas.'’
527 2286 588 2325 Licet
608 2285 640 2323 his
655 2286 750 2323 terminis
762 2286 882 2335 jurisdictio

80 2347 104 2384 ad
117 2347 185 2385 locum
200 2347 358 2387 determinatum
376 2348 532 2399 restringatur,
549 2347 682 2386 uihilornirurs
702 2354 771 2386 tamen
788 2349 819 2387 illi
836 2362 883 2389 oon·

79 2408 181 2445 sessiones
195 2408 216 2446 in
227 2416 271 2448 tota
283 2410 374 2448 dioecesi
384 2409 456 2448 aalide
468 2409 641 2459 arrdirepossunt,
653 2420 693 2446 non
704 2409 754 2447 item
767 2409 831 2456 licite,
843 2412 884 2449 nisi

80 2481 193 2508 consensus
211 2472 297 2520 parochi
313 2472 354 2510 loci
373 2471 495 2510 accesserit.
518 2494 548 2499 —
570 2470 638 2510 Simili
658 2470 718 2508 modo
737 2472 882 2511 sacerdotibus

80 2530 214 2579 simplicibus
230 2533 264 2583 qui
276 2545 347 2572 curam
360 2534 475 2571 animarum
486 2545 526 2571 non
542 2539 618 2585 agunt,
633 2531 723 2570 facultas
740 2533 884 2572 consessiones

81 2591 195 2640 excipiendi
206 2593 230 2631 ab
244 2595 348 2644 Episcopo
359 2595 392 2632 vel
408 2594 452 2642 ejus
468 2594 555 2633 Vicario
571 2591 665 2640 datust).
680 2594 772 2632 Eandem
788 2596 882 2646 sequitur

80 2652 160 2699 praxim
170 2654 280 2693 Dioecesis
291 2655 431 2701 Brixinensis,
443 2655 464 2693 in
477 2655 535 2704 cujus
548 2654 731 2695 constitutionibus
744 2655 883 2704 synodalibus

82 2712 122 2749 Tit.
135 2710 169 2752 14.
182 2713 200 2767 ἓ,
212 2713 227 2755 4
239 2723 259 2765 et
271 2712 284 2755 5
297 2716 327 2755 sic
340 2718 428 2768 legitur:
445 2717 598 2756 „Declaramus
611 2729 648 2755 nos
657 2716 699 2754 illis
711 2717 817 2762 omnibus,
833 2730 882 2768 quos

86 2811 256 2824 κ-

105 2858 120 2897 1)
130 2858 185 2892 sess.
194 2861 264 2894 XXlll.
274 2870 316 2905 cap.
327 2863 350 2894 15
360 2861 382 2894 de
390 2862 477 2894 Reform.
487 2880 511 2885 -
519 2864 535 2902 ²)
551 2862 634 2896 Consule
645 2861 745 2897 Benedict.
758 2861 808 2895 XIV.
820 2861 883 2895 instit.

128 2907 205 2942 Eccles.
215 2910 277 2943 Instit.
288 2912 325 2950 86,
332 2910 364 2943 ubi
374 2910 434 2943 multa
443 2914 494 2951 sunt,
504 2920 552 2953 quae
563 2912 586 2945 ad
596 2913 645 2946 hunc
654 2912 718 2945 locum
727 2911 827 2953 pertinent.
