2017 3193
867 89 909 133 ise

102 213 137 247 aut
148 207 224 247 malum
236 206 356 245 sustinendo
368 212 497 258 praestetur,
514 219 538 246 ac
555 212 666 258 utrumque
683 212 725 245 tam
743 204 768 242 ad
785 210 872 253 peccata
888 205 909 240 in

101 276 209 320 posterum
219 269 371 318 praecavenda,
383 281 443 320 quam
457 267 482 304 ad
492 268 627 316 perfectionis
640 268 767 306 christianae
779 265 910 302 incrementa

101 332 156 369 viam
168 330 228 367 simul
241 329 324 381 regiam
335 331 421 380 pandat,
439 340 498 366 omne
511 340 562 377 opus
575 329 751 372 satisfactorium,
769 327 837 364 animo
849 332 909 363 recto

101 397 234 441 susceptum,
251 391 276 428 ad
288 392 449 430 consuetudines
462 400 539 439 pravas
552 389 698 435 eradicandas,
716 389 852 428 accessiones
865 400 907 425 ma-

101 454 132 490 las
144 453 311 502 praecavendas,
329 460 350 491 et
361 454 451 491 animum
464 463 475 487 a
487 450 591 487 fluxorunt
604 461 674 486 amore
685 450 844 495 retrahendum,
861 449 908 500 plus

101 514 195 551 minusve
208 513 277 551 auxilii
295 516 367 560 affert,
383 513 437 551 unde
455 510 573 549 satisfactio
591 510 697 559 sapienter
714 511 813 560 disposita
830 512 908 548 saluta-

101 587 146 611 rem
163 574 224 611 simul
240 575 355 614 medicinae
371 574 476 612 rationem
492 583 602 620 numquam
621 582 662 608 non
681 569 757 615 habet,
777 571 816 609 hoc
837 573 908 621 itaque

101 641 200 684 respectu
216 636 354 674 inrationalis
370 634 445 672 merito
463 632 587 670 nominatur.
605 630 708 669 Vicissim
720 631 782 668 etiam
794 644 818 668 ea
829 633 908 684 ingrati

100 696 208 745 perpessio
220 697 294 734 bonive
305 695 431 745 praestatio,
450 706 501 743 quae
519 693 633 731 secundum
649 692 711 728 finem
729 691 821 739 ejusdem
832 694 907 741 prima·

100 755 155 794 rium
167 757 191 794 ad
202 763 337 805 peccatorum
349 756 370 793 in
383 761 492 805 posterum
508 754 580 805 fugam
593 759 614 791 et
624 752 710 789 virtutis
724 751 850 790 christianae
862 765 908 801 pro-

100 816 179 855 fectum
191 818 307 862 ordinatur,
325 816 350 854 ad
361 815 503 854 reclinandam
516 826 596 864 quoque
607 824 695 862 poenam
707 819 794 862 peccato
812 812 909 857 debitam,

100 884 234 927 peccatorum
245 878 409 926 praeteritorum
421 875 534 912 vindictam
547 881 567 911 et
579 873 751 924 castigationem,
765 874 828 910 animi
839 874 909 922 poeni-

100 939 163 978 tentis
175 938 290 977 intentione
301 938 365 989 dirigi
375 942 456 987 potest;
473 935 526 974 unde
539 935 613 986 liquet,
626 934 804 980 satisfactionem,
818 935 858 973 etsi
870 947 910 985 qua

100 1001 148 1040 talis
164 1000 302 1045 vindicativa,
319 999 463 1037 medicinalem
480 1004 548 1035 tamen
566 997 627 1035 simul
644 1009 692 1035 esse
710 1003 751 1035 tam
768 1009 832 1047 posse
849 1010 909 1048 quam

100 1063 183 1100 debere.
776 1074 777 1077 =

173 1122 232 1162 Haec
250 1122 356 1162 distinctio
372 1121 392 1160 in
411 1115 504 1161 Concilio
522 1120 644 1160 Tridentino
662 1126 845 1165 commemoratur,
863 1120 909 1159 dnm

100 1191 170 1225 monet
187 1191 208 1224 et
223 1185 336 1237 praecipit,
354 1184 512 1223 satisfactiones
524 1183 606 1237 injungi
618 1183 694 1223 debere
705 1196 743 1234 pro
756 1183 856 1235 qualitate
869 1183 909 1222 cri·

100 1250 177 1287 minum
194 1254 214 1286 et
231 1248 380 1299 poenitentium
396 1247 498 1287 facultate
514 1246 630 1286 selectores
646 1253 667 1285 et
683 1249 849 1292 convenientes,
870 1259 910 1285 nec

100 1323 140 1349 non
158 1310 218 1348 simul
236 1311 320 1356 statuit,
337 1317 361 1348 ut
372 1310 490 1349 satisfactio
502 1323 543 1347 non
555 1310 583 1347 sit
594 1316 675 1347 tantum
688 1310 713 1347 ad
724 1322 793 1348 norae
804 1312 861 1347 vitoe
874 1322 908 1348 cn·

100 1372 189 1410 stodiam
202 1378 222 1409 et
233 1372 362 1410 infirmitatis
379 1372 563 1417 medicamentum,
580 1372 618 1409 sed
635 1372 697 1409 etiam
710 1372 734 1410 ad
745 1371 909 1421 praeteritorum

99 1440 235 1483 peccatorum
245 1434 363 1472 oitzdictom
375 1440 396 1471 et
408 1436 574 1482 ccrstiqationenz
588 1432 614 1480 ¹).
626 1432 667 1471 llic
679 1433 721 1471 loci
733 1433 849 1471 Concilium
861 1445 908 1483 sup-

99 1495 157 1544 ponit
168 1495 334 1534 satisfactionem
345 1494 497 1533 anedtcmatem
508 1494 623 1544 probatque
633 1494 794 1533 oindteottoom.

288 1613 461 1668 Satislactiouis
474 1615 627 1684 praestandae
641 1614 721 1667 niella.

174 1739 192 1793 ξ.
212 1736 261 1780 133.
293 1743 326 1778 llx
342 1741 388 1791 ipsa
400 1741 444 1790 jam
461 1741 614 1780 satisfactionis
632 1741 715 1779 notione
732 1742 810 1792 liquet,
834 1741 909 1791 duplex

100 1803 159 1841 nohis
172 1802 300 1852 suppeditari
310 1803 356 1840 Deo
369 1803 513 1841 satisfaciendi
525 1803 624 1848 medium,
637 1805 660 1850 a]
672 1804 805 1855 ingratorum
818 1803 908 1841 toleran-

100 1865 160 1910 tiam,
182 1864 207 1911 b]
220 1876 305 1914 operum
316 1864 417 1902 bonorum
430 1864 560 1903 exercitium.
573 1887 603 1892 —-
614 1866 759 1916 Ingratorum,
778 1865 862 1915 quaein
875 1877 908 1903 sa-

100 1925 241 1963 tisfactionem
257 1927 303 1962 Deo
320 1926 449 1971 offerentur,
472 1926 595 1963 idoneorum
618 1927 695 1976 triplex
719 1927 813 1964 occurrit
829 1938 908 1977 genus,

101 1998 173 2023 eorum
184 1986 276 2031 scilicet,
289 1988 314 2033 a)
327 1999 379 2036 quae
390 1987 521 2036 providentia
533 1987 602 2025 divina
613 1987 642 2025 ita
654 1987 776 2037 disponente
789 1993 825 2025 aut
836 2000 862 2025 ex
873 1987 909 2025 ho-

100 2048 187 2091 minum,
205 2053 241 2084 ant
258 2060 283 2084 ex
299 2054 388 2085 naturae
404 2048 493 2086 rationis
506 2048 599 2098 expertis
610 2048 690 2087 influxu
701 2049 802 2098 patimur3
820 2048 844 2099 β)
857 2061 909 2099 quae

100 2108 222 2158 nobisipsis
234 2108 374 2159 seligentibus
387 2109 512 2158 suscipimus
517 2125 523 2155 ;
541 2112 563 2159 y]
579 2122 631 2160 quae
644 2110 774 2148 confessario
786 2110 908 2161 injungente

100 2169 235 2208 sustinemus.
249 2171 332 2208 „Tanta
344 2176 378 2207 est
389 2171 443 2208 enim
455 2171 537 2208 divinae
549 2171 709 2210 misericordiae
720 2171 822 2222 largitas,
835 2178 908 2209 utnon

100 2232 166 2268 solum
177 2230 250 2279 poenis
263 2236 336 2278 sponte
349 2231 432 2269 anobis
443 2232 566 2269 vindicando
583 2239 670 2281 peccato
689 2232 804 2281 susceptis,
823 2238 858 2269 aut
875 2245 908 2270 sa-

100 2291 192 2330 cerdotis
205 2290 292 2329 arbitrio
304 2303 341 2340 pro
353 2303 452 2330 mensura
464 2292 534 2330 delicti
545 2292 660 2341 impositis,
678 2293 714 2331 sed
727 2292 789 2331 etiam
801 2293 855 2342 quod
866 2306 908 2331 ma-

99 2353 176 2391 ximum
194 2353 271 2390 amoris
288 2359 435 2403 argumentum
448 2359 490 2396 est,
507 2354 657 2402 temporalibus
669 2354 760 2404 flagellis
774 2355 842 2392 aDeo
855 2355 908 2392 infli-

100 2415 150 2459 ctis,
168 2420 189 2451 et
201 2427 213 2451 a
224 2413 283 2451 nobis
294 2413 399 2462 patienter
412 2414 519 2458 toleratis,
537 2414 590 2463 apud
601 2415 669 2452 Deum
680 2415 767 2452 Patrem
784 2427 822 2464 per
834 2416 909 2453 Jesum

100 2474 208 2513 Christum
225 2473 350 2513 satisfacere
366 2474 487 2512 valeamus’'
502 2473 528 2522 2).
551 2474 606 2513 Hinc
623 2469 660 2525 pr'o
677 2475 723 2525 ipsa
740 2476 802 2525 praxi
818 2476 909 2514 miserae

97 2536 224 2576 ,conditionis
247 2535 363 2574 horninibus
386 2536 438 2574 duro
461 2536 533 2574 labore
550 2537 709 2582 victitantibus,
732 2538 795 2588 gravi
812 2544 909 2589 egestate

100 2596 195 2644 afflictis,
211 2598 246 2635 vel
262 2597 359 2635 diuturno
377 2599 449 2636 morbo
467 2604 487 2636 et
498 2599 601 2649 pungenti
611 2599 666 2637 lecto
679 2598 759 2644 affixis,
777 2598 857 2636 utiliter
875 2600 909 2637 ad·

99 2658 181 2695 moduni
197 2659 358 2708 praescribitur,
375 2666 398 2696 ut
415 2659 505 2709 quotidie
522 2660 622 2697 matutino
636 2666 656 2697 et
667 2661 790 2709 vespertino
802 2666 908 2709 tempore,

99 2721 123 2752 ut
134 2719 196 2757 etiam
207 2721 286 2770 pluries
298 2733 336 2770 per
348 2721 401 2759 diem
413 2727 515 2758 renovent
527 2721 551 2759 de
567 2721 661 2771 peccatis
680 2721 812 2759 coritritionis
830 2728 908 2765 actum,

100 2782 122 2814 ut
132 2778 178 2816 Deo
189 2781 210 2819 in
222 2782 390 2821 satisfactionem
403 2784 503 2828 offerant,
521 2795 663 2834 quaecumque
677 2796 713 2821 eos
725 2784 814 2821 molesta
826 2790 847 2822 et
858 2784 909 2821 dura

125 2912 140 2952 ¹)
150 2911 206 2945 80⁸⁸·
216 2913 267 2947 XIV.
278 2925 319 2961 cap.
330 2919 347 2952 8.
357 2936 381 2942 -
389 2921 406 2960 ²)
416 2918 476 2953 Cone.
485 2918 538 2952 Trid.
549 2918 605 2952 Sess.
614 2919 665 2952 XIV.
676 2927 718 2963 cap.
728 2921 745 2952 9,
