2056 3193
166 109 209 154 198

165 226 238 265 fideles
251 226 275 262 ad
286 221 426 273 poenitentiae
443 233 513 272 opera.
531 223 575 261 Nec
588 222 663 273 aliquid
676 222 774 262 adimitur
786 223 894 263 efficaciae
904 222 973 260 Indul-

167 288 295 341 gentiarum,
313 284 368 322 sicut
379 283 430 321 nihil
443 283 540 323 adimitur
554 285 662 324 efficaciae
675 284 861 324 sacramentorum
878 298 903 323 ex
919 283 972 329 hoc,

168 349 219 400 quod
236 352 318 397 oportet
335 345 462 384 accedentes
480 347 504 384 ad
521 346 557 385 illa
570 359 617 384 esse
628 346 681 384 bene
693 345 816 395 dispositos,
834 349 853 386 si
864 348 973 386 fructuosa

166 410 205 448 sihi
222 420 270 446 esse
286 408 366 445 volunt.
385 407 430 447 soli
448 408 548 458 siquidem
564 407 643 459 indigni
655 407 788 457 indulgentia
800 410 825 447 ab
837 410 892 448 illius
904 409 974 447 fructu

162 472 223 519 juxta
234 469 288 507 hune
301 468 383 507 dicendi
395 470 476 508 modum
489 469 638 507 excluduntur’'
654 467 680 516 ¹).

238 531 337 569 Ecclesia
348 531 406 569 velut
417 532 451 581 pia
462 537 529 568 mater
541 530 589 567 filiis
601 530 645 568 suis
656 542 707 568 vere
719 530 873 579 poenitentibus
885 534 905 571 in
918 531 974 570 auxi-

164 593 214 631 lium
227 593 329 637 accurrit,
342 598 365 629 nt
375 592 521 643 Indulgentiae
532 592 641 637 beneficio,
654 591 707 643 quod
718 597 787 629 restat
798 592 869 638 debiti,
881 595 975 632 solvant:

166 655 200 694 cui
212 654 311 693 solvendo
323 654 415 703 impares
428 659 476 691 sunt
487 653 580 690 nonnulli
593 654 673 703 quidem
685 653 761 690 virium
772 653 855 703 inopia,
873 656 909 693 alii
924 667 975 693 vero

166 717 223 755 vitae
235 715 324 753 termino
336 714 446 764 prohibiti:
464 726 528 764 quare
546 715 664 764 complures
682 727 721 752 non
741 715 853 764 adimplent
869 717 975 765 poeniten-

166 778 216 816 tiam
228 776 311 815 delictis
324 775 368 813 suis
382 776 547 813 convenientem.
566 776 608 813 Sed
626 777 719 814 eximere
737 789 776 813 non
793 777 837 814 vult
854 777 878 814 ab
897 777 975 829 obliga·

166 840 223 877 tione
235 838 290 889 legis
303 837 394 882 divinae,
413 850 464 887 quae
475 837 562 874 idoneos
574 838 714 886 poenitentiae
726 838 808 876 fructus
820 838 892 877 facere
906 838 976 887 jubet,

167 913 233 950 neque
246 899 329 938 desides
341 899 430 937 reddere
442 905 477 937 aut
489 898 594 936 tardiores
606 899 626 937 in
639 899 736 949 operibus
749 899 912 945 satisfactionis,
925 911 977 949 quac

167 969 277 1011 tantopere
295 960 438 999 commendata
455 966 509 998 sunt.
542 960 590 997 Ideo
609 961 723 999 Concilium
741 960 886 998 Tridentinum
903 960 977 1006 tradit,

168 1035 269 1073 nusquam
287 1034 335 1059 esse
352 1021 372 1058 in
389 1021 488 1060 Ecclesia
505 1021 601 1059 semitam
619 1023 727 1066 tutiorem,
752 1035 791 1072 qua
807 1022 871 1060 liceat
888 1022 977 1060 evadere

168 1083 280 1135 supplicia,
298 1096 350 1133 quae
361 1084 419 1121 Deus
431 1083 567 1133 peccantibus
580 1084 678 1130 minatur,
696 1096 755 1133 quam
774 1090 795 1121 ut
812 1084 887 1122 crebro
900 1083 945 1134 quis
957 1083 977 1121 in

168 1145 285 1195 hujusmodi
297 1144 394 1195 operibus
406 1144 546 1194 poenitentiae
559 1145 647 1196 agendis
660 1151 781 1195 occupetur,
796 1145 857 1195 idque
869 1158 915 1184 cum
926 1157 977 1182 vcro

168 1215 189 1246 et
200 1208 284 1246 sincero
297 1206 374 1244 doloris
387 1207 472 1245 affectu:
486 1206 571 1256 „Neque
583 1219 634 1244 uero
647 1206 742 1245 securior
754 1207 796 1244 ulla
807 1206 841 1244 via
852 1207 872 1244 in
880 1206 978 1245 Ecclesia

168 1270 209 1308 Dei
220 1280 308 1318 unquam
321 1268 441 1306 existimata
456 1267 494 1306 fuit
509 1267 534 1305 ad
547 1268 681 1306 amovendam
697 1267 837 1305 imminentem
850 1281 862 1306 a
873 1269 918 1306 Deo
929 1280 977 1318 poe-

168 1344 226 1376 nam,
251 1342 310 1380 quam
328 1336 351 1367 ut
368 1329 421 1367 haee
437 1329 579 1379 poenitentiae
597 1342 661 1379 opera
679 1329 773 1367 homines
789 1341 835 1368 curn
849 1343 901 1368 vero
917 1329 979 1367 animi

170 1393 240 1431 dolore
253 1391 399 1440 frequentent”
414 1389 440 1438 ²).
469 1389 539 1438 Quare
551 1391 601 1428 illud
613 1391 636 1429 S.
649 1391 742 1429 Thomae
754 1391 900 1429 sacerdotibus
912 1391 932 1428 in
945 1403 979 1428 ca·

168 1454 243 1492 thedra
255 1452 394 1490 confessionis
406 1452 571 1502 amplectendum
584 1459 616 1490 est
628 1459 648 1490 et
660 1452 797 1502 sequendum:
811 1451 978 1491 „Consulendum

170 1522 212 1561 est,
229 1514 305 1564 inquit,
324 1514 365 1559 eis,
383 1514 418 1564 qui
428 1514 579 1565 indulgentiam
592 1520 754 1565 consequuntur,
767 1526 792 1551 ne
804 1520 890 1564 propter
901 1514 941 1551 hoc
954 1514 978 1551 ab

172 1577 269 1627 operibus
281 1576 422 1625 poenitentiae
433 1575 531 1624 injunctis
545 1575 670 1621 abstineant,
678 1581 701 1614 ut
713 1575 775 1612 etiam
787 1587 813 1612 ex
823 1574 856 1613 his
864 1574 978 1613 remedium

172 1643 335 1688 consequantur,
347 1637 441 1687 quamvis
454 1651 465 1675 a
477 1636 552 1674 debitis
564 1649 643 1687 poenae
655 1643 727 1675 essent
738 1637 847 1682 immunes,
865 1643 886 1675 et
896 1636 978 1687 pracci-

169 1713 209 1751 pue
221 1699 268 1751 quia
281 1699 401 1749 quandoque
414 1706 462 1736 sunt
473 1698 562 1747 plurium
575 1698 694 1744 debitores,
713 1710 773 1748 quam
785 1698 884 1737 credant”
899 1696 926 1746 ³).

243 1761 333 1798 Praeter
345 1760 399 1798 hunc
411 1772 485 1798 verum
497 1766 518 1797 et
530 1760 637 1798 sincerum
649 1760 782 1799 contritionis
794 1766 815 1797 et
827 1759 979 1798 satisfactionis

171 1824 279 1866 allectum,
298 1821 391 1871 reliquae
410 1821 540 1860 conditiones
558 1834 583 1859 ex
596 1828 669 1859 tenore
687 1821 807 1866 literarum,
827 1819 979 1870 quibusIndul-

173 1884 258 1935 gentiac
271 1882 420 1928 conceduntur,
433 1883 572 1920 desumendae
585 1895 608 1920 ac
620 1882 735 1932 implendae
748 1888 815 1919 erunt.
839 1881 876 1919 Sic
887 1882 908 1918 in
919 1880 979 1918 dubi·

173 1946 218 1983 laeo
238 1950 322 1994 praeter
341 1944 516 1982 sacramentalem
535 1944 689 1981 confessionem
708 1949 728 1980 et
746 1955 830 1980 sacram
849 1942 979 1980 communio-

173 2019 219 2044 nem
232 2003 252 2054 4]
264 2005 346 2056 injungi
357 2006 426 2043 solent
438 2017 502 2055 opera
515 2004 539 2042 ad
551 2005 719 2042 satisfactionem
730 2003 814 2049 idonea,
833 2010 882 2053 puta
892 2003 980 2052 jejunia,

172 2069 327 2115 elcemosynae,
345 2078 421 2115 preces
440 2067 465 2104 ad
482 2065 618 2103 intentionem
636 2065 711 2103 summi
727 2065 835 2103 Pontificis
853 2064 979 2109 fundendae,

170 2129 303 2166 visitationes
315 2128 467 2166 Ecclesiarum.
491 2128 514 2164 In
533 2127 618 2177 reliquis
638 2133 706 2165 autem
724 2126 823 2176 plenariis
842 2125 980 2177 indulgentiis

171 2191 294 2240 plerumque
305 2189 468 2238 praescribitur,
480 2194 503 2225 ut
514 2188 623 2237 praestitis
637 2201 663 2225 er
673 2188 805 2238 praescripto
818 2188 916 2237 operibus
927 2187 980 2224 Poe·

172 2251 273 2288 nitcntiae
286 2250 448 2288 Sacramentum
460 2249 557 2294 adeatur,
577 2256 598 2286 ct
610 2249 754 2288 Sacrcsancta
765 2248 902 2287 Eucharistia
914 2247 980 2285 susci-

172 2312 248 2361 piatur.
271 2313 368 2349 Attamen
386 2317 409 2349 ut
420 2310 488 2363 magis
500 2310 607 2360 proficuus
618 2310 798 2362 Indulgentiarum
810 2309 922 2348 thesaurus
934 2308 980 2346 red-

173 2373 256 2411 dereter
267 2372 371 2417 fidelihus,
387 2385 411 2410 ac
424 2372 530 2411 commode
543 2372 703 2422 comparandus,
720 2384 812 2409 summus
823 2370 922 2409 Pontifex
934 2369 980 2407 cte-

173 2446 230 2472 mens
241 2434 297 2472 XIII.
311 2434 417 2472 concessit
430 2433 548 2478 nomnibus,
567 2433 601 2482 qui
619 2433 724 2482 frequenti
742 2432 874 2470 confessione
893 2430 981 2468 animam

174 2495 282 2532 studentes
302 2494 398 2544 expiare,
416 2495 481 2532 semel
500 2494 574 2531 saltem
592 2494 612 2530 in
630 2492 759 2531 hebdomada
777 2494 802 2531 ad
821 2492 981 2531 Sacramentum

172 2555 316 2593 Poenitcntiae
329 2556 442 2600 accedere,
460 2554 501 2592 nisi
512 2555 607 2605 legitime
618 2553 764 2603 impediantur,
782 2558 943 2598 consueverunt,
961 2560 982 2591 et

173 2616 248 2653 nullius
258 2616 342 2654 lethalis
355 2617 429 2667 culpae
442 2629 454 2654 a
469 2628 492 2653 se
506 2622 554 2665 post
568 2622 676 2665 peractam
689 2615 842 2654 confessionem
858 2614 981 2652 commissae

198 2785 213 2825 ¹]
220 2784 290 2866 dTeraete:
299 2784 323 2863 Iit.
334 2785 356 2818 de
366 2784 517 2867 {uscipqpntsihus
526 2784 606 2866 Indulgi(
611 2785 690 2826 Quaest.
700 2784 715 2817 l.
726 2801 750 2807 -
758 2766 842 2865 ηὒῗεεέἶ
851 2783 902 2817 XIV.
912 2785 982 2865 capfitt.

219 2841 277 2926 persidi]
285 2835 382 2923 §IilX——)
392 2833 982 2925 141110111111111115111511111111111.111131111111111111111111111111-

220 2939 257 2974 que
267 2929 349 2973 speclali
358 2930 431 2965 indultu
439 2942 475 2965 non
485 2931 562 2965 sufficit.
572 2932 593 2966 S.
605 2931 626 2965 C.
636 2931 710 2973 lndulg
720 2931 738 2963 6.
747 2929 804 2962 Mart.
814 2931 867 2964 teat.
