2056 3193
122 78 167 121 266

124 194 242 231 continuato
255 192 323 242 magis
336 184 520 240 expeditetiamsl
531 186 605 242 parum
622 192 692 237 detur,
710 206 771 244 quam
782 204 821 231 uno
837 198 931 241 tempore

123 256 187 292 multa
203 252 288 303 largiri:
304 264 350 289 uam
367 265 393 289 ex
415 253 500 291 assidua
518 252 668 291 consuetudine
686 255 770 303 saepius
789 255 931 302 eleemosynas

124 315 184 354 dandi
195 312 292 363 paulatim
304 312 387 351 habitus
400 320 421 351 et
433 315 557 353 exercitatio
570 313 702 352 liberalitatis
715 316 823 361 nascitur,
836 327 875 366 qua
886 320 930 352 stu-

124 377 177 414 dium
190 375 291 413 avaritiac
304 374 445 422 disturbatum
459 377 511 427 quod
524 383 591 414 tamen
603 375 669 425 prima
681 381 702 412 et
713 378 805 416 secunda
816 377 869 423 vice,
881 376 932 415 licet

124 439 267 486 rrleemospnue
286 437 350 475 multo
368 438 473 489 largiores
490 445 573 482 esseut,
592 449 631 475 non
648 437 777 475 efficeretur.
791 439 876 477 Pariter
893 451 931 488 pro

122 499 183 546 hujus
194 498 240 535 vitii
251 499 350 536 remediis
363 499 448 536 suaderi
458 505 535 548 potest,
547 504 570 535 ut
581 497 685 547 orphanos
697 498 803 543 nutriant,
820 500 842 537 in
857 499 931 538 studiis

123 561 185 606 alant,
198 560 279 610 aliaque
291 559 448 599 misericordiae
461 559 577 610 corporalis
589 571 653 609 opera
665 551 749 598 faciant.

167 680 251 734 Contra
265 680 366 734 duritiem
381 683 401 733 et
414 679 612 734 inuuiserioorden
627 679 725 734 aninum
738 679 761 733 iu
774 696 894 750 pauperes.

198 806 215 859 ξ.
229 803 278 846 183.
292 807 370 844 Contra
383 807 479 845 duritiem
492 814 512 845 et
523 807 712 846 immisericordem
722 806 743 845 in
754 819 858 858 pauperes
870 808 933 846 animi

124 871 228 914 affectum,
241 867 339 906 refutatis
350 869 502 918 praetextibus,
515 869 589 919 quibus
601 869 659 907 multi
671 866 745 907 divites
763 869 796 907 ab
804 869 932 920 obligatione

124 932 269 980 eleemosynae
281 930 360 968 dandae
373 937 474 969 conantur
486 944 534 970 sese
546 931 648 975 eximere,
666 931 728 981 primi
746 930 833 969 remedii
846 927 897 969 loco
906 931 933 968 sit

123 992 263 1030 consideratio
276 992 333 1029 scria
346 993 453 1043 praecepti
464 994 542 1031 dandae
555 991 733 1041 eleemosynae¹).
747 993 791 1031 „Ne
804 992 890 1037 dixeriS,
901 992 932 1030 in-

124 1054 167 1105 quit
179 1054 201 1092 S.
214 1052 375 1100 mum-osius2),
388 1054 440 1100 redi,
453 1067 501 1093 cras
513 1054 571 1093 dabo.
586 1054 625 1103 Qui
636 1066 675 1092 nou
686 1054 764 1104 patitur
782 1054 864 1098 dicere,
883 1066 931 1092 cras

124 1115 183 1160 dabo,
201 1114 301 1164 quomodo
314 1114 392 1163 patitur
404 1115 482 1160 dicere,
495 1128 534 1153 non
547 1116 616 1153 dabo?
634 1116 679 1153 Non
693 1116 717 1153 de
729 1121 763 1153 tuo
778 1114 866 1165 largiris
883 1109 932 1165 pau·

123 1176 176 1225 peri,
188 1176 224 1213 sed
237 1175 261 1212 de
273 1187 310 1212 suo
327 1175 404 1212 reddis,
423 1175 480 1224 Quod
500 1177 553 1214 enim
572 1188 679 1215 commune
692 1176 756 1213 estin
771 1175 860 1213 omnium
872 1187 931 1214 usum

124 1238 203 1281 datum,
217 1243 237 1273 tu
249 1237 306 1273 solus
320 1240 426 1286 usurpas?
440 1236 535 1275 Omnium
548 1244 580 1275 est
592 1244 657 1282 terra,
670 1249 709 1274 uon
722 1232 818 1274 divitum:
833 1236 871 1273 sed
881 1248 931 1286 pau-

124 1299 199 1342 ciores,
212 1297 297 1347 quinon
310 1303 395 1335 utuntur
408 1311 455 1344 suo,
474 1310 534 1347 quam
547 1299 580 1349 qui
593 1304 685 1336 utuntur,
697 1298 796 1335 Debitum
807 1297 873 1348 igitur
884 1297 931 1335 red·

123 1360 161 1403 dis,
174 1371 213 1396 non
224 1358 312 1410 largiris
324 1358 443 1397 indebitum.
456 1360 503 1397 Ideo
517 1360 553 1397 tibi
565 1360 615 1398 dicit
627 1360 748 1409 Scriptura:
768 1359 871 1397 „Decima
881 1371 931 1408 pau·

123 1421 168 1470 peri
180 1420 268 1458 ammam
280 1426 343 1465 tuam,
356 1427 377 1458 ct
388 1421 450 1458 redde
463 1421 553 1459 debitum
565 1421 642 1459 tuum.⁷’
657 1420 785 1470 „Superflua
797 1420 890 1465 divitum,
903 1419 932 1457 ait

123 1483 145 1520 S.
158 1481 296 1533 Augustinus,
309 1487 358 1518 suut
369 1483 491 1520 necessaria
504 1483 637 1533 pauperum.'’
656 1484 682 1520 Et
695 1482 756 1520 alibi:
776 1481 815 1520 „Si
826 1480 877 1518 nihil
889 1492 930 1518 am·

123 1543 176 1592 plius
188 1542 252 1580 habes
265 1543 284 1579 iu
298 1543 415 1580 substantia
427 1550 469 1588 tua,
483 1556 543 1593 quam
556 1544 593 1581 tibi
604 1544 686 1593 tuisque
698 1543 718 1580 in
730 1543 797 1588 victu,
815 1543 848 1579 vel
863 1541 883 1579 iu
895 1553 930 1578 ve·

123 1604 172 1641 stitu
185 1604 303 1641 rationabili
316 1609 336 1640 et
348 1604 448 1643 irrediocri
459 1604 547 1650 sufficit,
567 1606 611 1642 sola
623 1604 659 1643 tibi
672 1610 741 1654 potest
752 1604 810 1642 boreo
828 1602 931 1641 coloratas

123 1666 218 1713 [scilicet
230 1665 291 1702 dandi
302 1665 458 1713 eleemosynas]
475 1667 580 1716 sufficere
586 1695 594 1716 ,
611 1666 647 1704 sed
664 1678 718 1716 rogo
731 1671 761 1710 te,
780 1663 930 1703 conscientiam

123 1733 178 1764 tuam
190 1726 307 1776 interroga,
319 1738 344 1763 ue
357 1726 411 1764 forte
424 1727 535 1777 aliquoties
547 1739 584 1776 per
598 1727 728 1772 ebrietatem,
741 1725 930 1775 intemperantiam,

122 1787 303 1832 convivialium
316 1793 355 1825 etc.
368 1789 451 1836 perdas,
464 1789 516 1838 quod
534 1801 571 1837 per
584 1789 737 1837 eleemosynam
755 1788 805 1824 dare
822 1793 930 1836 potueras,

122 1861 147 1884 uc
159 1848 213 1885 forte
227 1848 312 1885 delicias
325 1842 475 1897 praeparando,
488 1856 610 1886 ornamenta
618 1861 641 1887 ac
649 1850 719 1886 luxum
732 1847 878 1897 comparando,
891 1858 929 1883 non

123 1909 206 1953 babeas,
219 1910 271 1958 quod
284 1922 320 1958 pro
332 1910 424 1946 remedio
433 1911 513 1947 animae
519 1916 567 1948 tuae
575 1910 645 1960 possis
654 1909 780 1958 pauperibus
792 1904 929 1959 erogare”³].

196 1969 314 2006 Secundum
327 1970 440 2007 remedium
453 1972 487 2015 sit,
500 1977 522 2008 ut
533 1971 641 2020 poenitens
654 1970 719 2015 dives,
735 1969 769 2019 qui
780 1968 881 2007 haetenus
892 1967 929 2004 im·

122 2030 244 2068 misericors
257 2030 295 2067 fuit
307 2042 359 2081 erga
370 2043 481 2079 pauperes,
494 2031 615 2081 frequenter
628 2031 713 2081 cogitet,
729 2031 796 2067 Deum
814 2030 848 2079 qui
865 2029 930 2066 Pater

121 2097 153 2129 est
165 2091 262 2136 ouurium,
275 2103 314 2127 urm
326 2091 392 2135 velle,
410 2098 432 2129 ut
450 2091 484 2129 alii
500 2092 541 2129 siut
555 2092 583 2129 ita
601 2091 689 2136 divites,
709 2097 730 2129 ut
742 2091 845 2128 abundent
856 2101 930 2139 super-

120 2152 175 2197 fluis,
195 2153 229 2189 alii
240 2153 270 2189 ita
281 2164 393 2201 pauperes,
406 2158 428 2189 ut
440 2159 526 2190 careant
537 2152 674 2198 necessariis
686 2153 723 2190 sed
734 2152 801 2197 velle,
817 2151 869 2188 alios
882 2162 929 2188 esse

121 2213 202 2257 divites,
216 2213 267 2251 alios
280 2225 391 2262 pauperes,
404 2219 426 2250 ut
437 2212 467 2250 illi
478 2226 515 2262 per
527 2213 701 2258 misericordiam,
713 2213 749 2250 isti
760 2225 797 2262 per
809 2210 929 2261 patientiam

121 2275 208 2312 salutem
226 2280 387 2324 cousequantur.
412 2273 469 2312 „Gur
487 2280 508 2311 tu
531 2275 599 2320 dives,
622 2275 656 2311 ille
679 2275 775 2324 pauper?
800 2272 829 2309 ait
847 2271 870 2309 S.
888 2271 929 2308 Ba·

121 2335 187 2380 silius,
200 2335 294 2384 profecto
307 2347 346 2372 non
360 2335 420 2372 aliam
433 2335 457 2372 oh
471 2347 562 2381 eausam,
574 2335 615 2373 nisi
627 2341 649 2372 ut
661 2341 682 2372 tu
694 2332 830 2385 benignitatis
843 2344 867 2369 ae
878 2331 929 2369 fide-

121 2396 145 2433 lis
159 2396 344 2433 administrationis
357 2395 473 2434 mercedem
487 2397 588 2445 accipias,
601 2396 635 2433 ille
647 2408 697 2433 vero
709 2394 821 2444 patientiae
835 2392 928 2430 maximis

121 2457 219 2505 praemiis
232 2456 359 2494 honoretur⁷'
366 2454 392 2504 ⁴).

195 2518 289 2555 Tertium
301 2518 415 2555 remedium
427 2518 462 2563 sit,
475 2524 553 2555 attente
566 2518 708 2563 considerare,
720 2526 928 2567 pauperespraescr-

121 2580 157 2616 tim
169 2577 249 2622 fideles,
261 2578 340 2616 curisti
351 2579 445 2617 merubra
458 2567 517 2623 esse,¹
531 2579 552 2616 in
571 2578 645 2629 qulbus
662 2578 748 2629 proinde
766 2578 811 2627 ipse
830 2575 928 2615 Christus

115 2641 177 2689 juma
190 2638 246 2676 dicta
258 2646 376 2678 sauctorum
389 2647 478 2689 patrum,
497 2640 554 2678 uelut
567 2647 628 2690 caput
641 2640 761 2689 mysticum,
779 2637 928 2676 necessitatem

120 2701 205 2751 patitur,
218 2699 268 2737 adeo
281 2707 302 2737 ut
314 2702 458 2750 eleemosynae
471 2713 523 2751 quae
535 2701 661 2751 pauperibus
673 2706 800 2751 erogantur,
815 2699 856 2749 ipsi
868 2698 928 2737 Chri-

118 2786 302 2795 ...Α

144 2850 159 2884 1)
169 2847 237 2879 blattb.
247 2844 307 2877 XXV.
318 2845 377 2877 Eccti.
387 2847 418 2878 tV.
429 2848 508 2880 troad.
518 2848 551 2879 tlt.
570 2866 592 2870 -
609 2845 887 2886 ²)s.nu1br.dettao.c.12.
905 2864 929 2869 —

167 2899 183 2937 ³)
192 2896 213 2928 lu
222 2894 295 2929 Psalm.
305 2894 380 2927 XLVII.
391 2898 410 2927 et
419 2904 477 2929 serm.
488 2897 529 2930 227.
539 2896 561 2930 de
572 2900 630 2940 temp.
640 2914 665 2920 α
673 2898 689 2937 4)
699 2895 756 2929 Hom.
766 2897 784 2929 6.
