2056 3193
101 77 114 123 8

101 202 174 233 sancte
197 202 218 233 et
240 193 338 243 religiose
357 188 481 238 percipiunt,
506 190 615 227 maximam
637 192 779 229 eonscientiae
794 202 866 240 pacem
885 196 905 227 et

101 252 271 304 tranquillitatem
282 262 330 287 ‘curu
342 261 423 286 summa
441 250 528 297 spiritus
537 249 670 296 jucunditate
684 250 710 297 1).
729 272 759 278 —-
777 251 828 287 Cum
843 250 904 286 bomo

97 314 176 361 justus,
188 313 223 348 ubi
233 312 252 347 in
264 313 373 356 peccatum
385 320 451 359 grave
462 307 587 356 prolabitur,
602 307 707 355 justitiam
719 321 799 347 ornnem
812 315 832 347 et
843 308 904 347 men-

101 381 143 413 tum
157 371 236 415 anrittit,
248 370 302 407 bona
313 369 379 421 ipsius
392 379 456 420 opera
468 367 594 420 anteposita
607 374 627 409 et
645 368 709 411 vitam
723 371 819 425 perdunt,
836 377 857 411 et
875 370 904 411 di·

102 444 175 478 cuntur
187 446 250 485 opera
262 434 395 473 mortificata.
407 433 455 471 Jam
466 445 517 471 vero
529 432 582 472 haec
594 446 664 484 opera,
683 436 756 485 quibus
767 437 797 475 ita
808 449 846 488 per
857 448 904 486 pec·

102 507 168 538 catum
180 497 223 534 vita
235 496 302 534 omnis
314 495 467 540 intercluditur,
480 495 580 533 beneficio
602 495 746 534 Paenitentiac
759 498 905 547 subsequentis

100 559 235 603 reviviscunt,
249 569 273 595 ac
285 558 361 595 iterum
373 556 469 594 meritum
482 568 553 594 coram
565 557 610 593 Deo
622 555 704 594 liabent.
726 558 784 596 „Non
797 559 851 596 enim
873 558 903 595 in·

95 620 166 666 justus
179 624 212 655 est
223 618 302 661 Deus,¹³
315 618 343 653 ait
359 617 484 663 Apostolus,
503 622 540 653 „ut
559 616 696 652 obliviscatur
714 618 784 664 operis
801 618 868 654 vestri
886 623 907 653 et

99 676 224 720 dilectionis,
243 687 302 725 quam
314 675 436 711 ostendistis
447 674 468 710 in
480 674 562 711 nomine
573 674 647 724 ipsius,
666 675 699 725 qui
711 674 847 713 ministrastis
856 687 906 714 ‘san-

99 736 147 784 ctis,
162 743 182 776 et
194 733 361 785 urinistratis”²).
373 735 484 774 Postremo
497 747 534 787 per
546 733 585 776 hoc
599 735 758 777 Sacramentum
767 736 829 777 etiam
837 738 906 791 acqui-

99 802 153 841 ritur
161 801 197 853 jus
214 801 237 840 ad
256 800 377 840 obtinendas
397 799 478 853 gratias
497 801 598 847 actuales,
617 813 704 852 quarum
723 814 760 852 cpe
782 802 802 840 in
821 810 908 852 accepta

96 865 181 913 justitia
198 869 354 914 perseveretur.
378 862 403 901 Si
416 869 484 900 autem
501 868 589 912 peecata
611 863 678 900 solum
701 864 791 901 venialia
814 864 908 914 exposita

100 927 192 971 fuerunt,
215 931 313 974 operatur
336 924 496 962 Sacramentum
518 924 662 960 Paenitentiae
686 924 864 961 confirmationem
887 926 908 961 et

102 991 234 1035 augmentum
247 984 328 1034 gratiae
341 983 500 1020 sanctificantis.
527 982 580 1028 „Qui
594 983 665 1028 justus
678 990 718 1026 est,
727 983 856 1030 justificetur
873 984 906 1019 ad·

101 1044 141 1081 buc
155 1064 165 1081 e
181 1041 206 1088 ³).
231 1043 274 1080 „Ne
286 1042 382 1078 verearis
395 1052 460 1090 usque
474 1042 499 1078 ad
510 1047 598 1078 mortem
607 1041 734 1089 justificari’⁷
748 1039 774 1089 4).

234 1163 331 1218 lectitati
345 1163 497 1219 Paenitentlae
511 1164 661 1220 emolumenta
673 1164 783 1236 insignia.

176 1291 193 1344 ξ,
206 1288 226 1331 6.
239 1292 296 1329 Vere
308 1291 371 1329 divini
383 1297 431 1329 snut
446 1293 542 1336 effectus,
559 1304 610 1341 quos
623 1292 785 1330 Sacramentum
796 1293 909 1331 Paeniten-

103 1354 144 1389 tiae
155 1352 175 1388 in
187 1352 245 1388 nohis
257 1352 404 1399 peccatoribus
416 1352 541 1388 mirabiliter
554 1358 659 1398 operatur.
677 1351 758 1388 Verum
770 1353 832 1388 etiam
844 1353 909 1389 misso

103 1411 225 1448 charactere
238 1410 377 1455 Sacramenti,
390 1410 408 1446 si
419 1410 564 1447 Paenitentiae
579 1410 705 1455 institutum,
723 1410 754 1448 uti
770 1410 791 1448 in
812 1411 911 1450 Ecclesia

104 1470 206 1512 catholica
217 1471 370 1525 frequentatur,
382 1477 403 1511 et
414 1483 517 1525 nunquam
529 1483 569 1512 non
581 1471 736 1526 frequentatum
753 1479 792 1522 est,
811 1481 908 1527 respectu

105 1535 172 1576 ethico
186 1543 205 1575 et
216 1535 365 1589 psychologieo
378 1537 532 1583 consideretur,
551 1537 702 1576 saluberrimus
721 1538 803 1576 nonnisi
814 1539 906 1577 influxus

103 1600 124 1637 in
137 1599 224 1637 animum
236 1605 340 1649 totamque
352 1599 415 1638 vitam
428 1599 557 1649 spiritualem
570 1600 723 1638 manifestatur.
742 1600 785 1638 Res
798 1601 879 1650 quidem
890 1602 910 1639 in

104 1661 219 1699 visceribus
231 1661 393 1711 indigentiarum
405 1661 491 1711 generis
503 1661 570 1697 nostri
581 1662 610 1698 ita
621 1661 736 1705 redicatur,
748 1667 771 1698 ut
783 1662 801 1698 si
812 1674 852 1699 non
866 1662 908 1698 exi-

105 1727 227 1763 secretiore
239 1727 325 1768 pectore
338 1733 382 1757 eam
395 1734 405 1757 e
418 1721 482 1757 coelis
495 1721 598 1757 advocare
611 1720 741 1762 deberemus,
761 1726 781 1756 et
792 1721 827 1756 ubi
835 1732 910 1767 reapse

105 1778 182 1822 existit,
194 1778 237 1826 ejus
250 1779 352 1828 originem
365 1778 426 1816 altius
441 1784 539 1828 repetere
557 1778 714 1828 sapientiaeque
730 1777 811 1817 divinae
829 1778 910 1818 adscri-

105 1840 155 1878 bere
167 1850 206 1879 non
218 1839 340 1880 dubitemus.

177 1905 229 1944 Nam
242 1902 400 1954 neccessarie
413 1906 557 1945 conversionis
570 1906 670 1945 adDeum
683 1906 772 1945 conditio
785 1912 806 1944 et
817 1907 910 1945 melioris

104 1968 160 2006 vitae
178 1968 310 2017 primordium
319 1974 364 2006 est:
377 1972 485 2006 coecorum
496 1971 532 2007 set
543 1971 614 2019 ipsius·
626 1970 728 2018 coercitio,
742 1980 802 2018 quam
814 1974 909 2007 nostrum

104 2029 246 2067 Paenitentiae
257 2029 375 2067 institutum
383 2029 444 2077 juvat
459 2036 480 2066 et
495 2031 568 2067 mirum
587 2030 608 2066 in
626 2030 708 2067 modum
729 2029 820 2077 perficit.
843 2029 910 2067 Homo

105 2089 231 2127 christianus
244 2102 321 2125 arcana
333 2089 403 2125 cordis
422 2089 455 2125 sui
469 2095 581 2137 penetrare
600 2095 621 2124 et
638 2089 659 2124 in
676 2089 731 2124 bona
749 2089 829 2124 malave
849 2089 911 2124 animi

105 2159 168 2184 sensa
179 2147 283 2196 inquirere
292 2147 385 2196 jubetur,
398 2153 420 2184 ut
432 2147 493 2194 sciat,
506 2159 544 2198 quc
558 2158 622 2197 usque
634 2159 645 2184 a
658 2146 750 2192 Christe,
774 2146 807 2196 qui
822 2146 863 2191 via,
874 2159 909 2185 ve-

105 2209 158 2248 ritas
176 2214 196 2247 et
209 2208 251 2248 vita
270 2214 308 2258 est,
327 2208 451 2258 recesserit,
468 2208 549 2263 sibique
568 2222 593 2251 ac
607 2209 681 2250 mundo
698 2210 765 2264 magis
789 2223 848 2263 quam
864 2211 910 2252 Deo

107 2273 212 2312 servierit.
224 2275 252 2312 Et
263 2287 286 2313 eo
299 2275 378 2314 arctior
390 2274 442 2314 haec
455 2275 524 2313 cardis
537 2276 640 2314 discussio
660 2275 707 2320 erit,
724 2286 763 2324 quc
782 2275 862 2312 certior
878 2283 911 2314 est

105 2335 222 2386 persuasio,
234 2348 273 2373 non
286 2337 352 2375 obiter
365 2342 386 2375 et
396 2337 438 2374 levi
450 2337 537 2387 quedam
549 2343 614 2383 tactu,
627 2336 663 2374 sed
672 2336 755 2374 sincere
767 2336 851 2374 fatenda
863 2350 911 2375 esse

106 2397 190 2448 singula
201 2403 286 2445 peccata
297 2398 372 2448 gravia
380 2398 442 2445 juxta
453 2410 526 2435 eorurn
537 2410 645 2436 numerum
656 2395 830 2445 necessariasque
839 2410 911 2435 eorum

106 2457 282 2495 circumstantias.
295 2459 382 2505 insuper
395 2470 441 2494 cuin
453 2458 473 2493 in
485 2457 524 2494 hec
537 2458 570 2494 sui
585 2458 680 2493 examine
691 2467 745 2491 vana
761 2454 862 2501 philautia
874 2469 911 2493 nos

105 2515 167 2553 facile
179 2515 246 2565 possit
257 2514 360 2566 decipere,
373 2527 411 2565 ope
427 2515 544 2555 sacerdotis
559 2528 630 2555 rerum
644 2515 782 2553 humanarum
800 2516 862 2565 periti
875 2528 909 2554 na-

105 2578 143 2619 bes
156 2576 229 2625 ononis,
242 2589 281 2630 qua
292 2578 359 2620 solent
373 2579 476 2621 interiora
491 2580 583 2635 contegi,
602 2578 724 2632 disparebit,
741 2591 800 2618 crime
821 2593 910 2620 excusa·

106 2642 168 2682 tionis
180 2643 249 2697 ciclum
260 2642 387 2690 retrahatur,
400 2651 421 2682 et
432 2657 494 2683 uranu
506 2645 581 2683 medici
592 2644 705 2695 prudenter
716 2642 813 2691 palpante
824 2644 912 2683 vulnera

105 2711 179 2744 nestra
190 2716 278 2753 prorsus
286 2704 335 2743 fient
342 2706 458 2745 manifesta.
474 2706 510 2745 Sic
523 2706 557 2744 ubi
570 2707 655 2744 morbus
663 2703 777 2741 innotuerit
789 2704 911 2754 nobisipsis

122 2811 318 2820 ......-----

129 2850 144 2887 1)
160 2847 220 2879 Ceno.
235 2846 287 2878 Trid,
298 2846 353 2878 Sess.
363 2848 413 2879 xlv.
424 2856 465 2890 cap.
475 2849 493 2880 3.
504 2848 560 2880 sess.
570 2848 603 2881 vt.
614 2855 656 2889 cap.
669 2846 696 2879 16.
706 2862 729 2868 --
740 2846 756 2886 ²)
765 2843 825 2880 Hebr.
837 2845 868 2882 Vl.
880 2850 909 2883 10.

153 2916 177 2920 ι-
185 2895 201 2941 ³)
211 2895 272 2941 Apoc.
281 2895 342 2929 XXII.
355 2897 383 2929 li.
392 2915 416 2919 —
425 2896 440 2942 4)
449 2897 503 2932 noel.
511 2897 581 2932 xvltt.
592 2898 621 2932 22.
