2030 3193
842 104 871 148 21

87 221 216 264 tvtsserig.-
223 236 275 242 υ-
283 217 412 262 Derglciehen
419 216 513 259 Prediger
521 218 563 252 siud
571 218 614 252 dem
620 217 705 251 Gbrtner
713 215 783 260 gleich,
794 216 828 250 der
837 218 872 251 den

87 278 154 315 Baum,
164 272 238 304 anstatt
247 268 278 302 ihn
287 267 305 301 in
314 267 436 302 frucbtbares
444 266 537 300 Erdreieb
546 278 570 302 zu
576 272 689 307 vcrsetzen,
697 267 716 300 in
725 266 872 311 dtctuuntnge

87 324 124 359 und
133 331 156 355 an
167 320 238 354 dassen
247 318 325 361 Zuueige
334 318 372 351 und
380 315 485 358 Zweiglcin
494 316 643 359 nacbgemaobte
650 317 735 353 Frtiobte
744 316 871 360 anbindet“¹).

136 395 162 443 2)
175 393 254 433 Secreto
260 391 485 443 juriseeelesiastioi,
495 392 560 428 etsub
569 393 734 442 aliquaratione,
740 393 872 444 jierisqrco-

64 473 104 515 que
116 456 193 507 civilis)
207 456 260 506 quod
272 453 422 496 confessarius
435 459 464 497 ut,
477 452 524 501 quid
537 453 610 502 cuique
623 454 739 498 incumbat,
757 453 872 504 designare

64 520 140 575 possit,
158 517 265 569 cognitum
279 515 355 554 habeat
369 525 458 551 neeesse
472 520 510 550 cst.
533 513 606 550 Multis
619 515 672 551 enirn
683 515 704 552 in
716 516 801 554 casibus
810 515 873 563 juxta

65 579 286 622 Canonernldcclesiae
299 583 319 614 ct
331 581 409 613 statuta
422 574 521 620 civitatis,
534 574 685 613 conscientiam
695 576 803 615 attinentia
815 576 872 616 deci-

66 646 114 683 dere
127 647 215 691 oportet.
234 639 324 679 „Sciant
332 636 381 674 hine
389 636 511 674 sacerdotes
520 636 640 685 scripturas
648 642 732 674 sanctas
741 644 762 674 et
769 650 871 683 canones:

65 703 116 743 nulli
127 701 259 739 sacerdotum
271 699 335 736 liceat
347 709 437 735 canones
449 698 550 748 ignorare
562 709 601 746 nec
610 697 720 746 quidquam
727 696 805 743 faeere,
818 699 870 749 quod

65 767 152 804 Patrum
162 761 244 812 regulis
256 759 324 810 possit
336 758 434 796 obviare”
442 756 468 806 ²).

138 820 164 871 3)
173 821 290 861 Lectione
303 832 384 858 sacrae
398 822 535 870 scripturae,
555 832 615 870 quani
632 819 775 859 confessarius
792 821 816 859 ad
827 835 871 860 rem

67 899 125 927 suam
141 882 246 922 commode
261 881 354 926 referre,
372 881 489 920 intellectui
499 882 625 931 poenitentis
637 881 761 920 illustrando
775 883 872 933 cordique

66 945 165 988 movendo
184 945 282 993 adaptare
301 942 389 980 noverit.
414 941 495 980 Sacrae
513 943 587 981 literae
599 955 639 981 non
650 943 710 980 modo
722 944 831 981 materiam
842 945 872 982 in-

68 1008 197 1048 stitutionem
215 1004 416 1053 admonitionumque
434 1010 566 1049 nostrarum,
585 1005 621 1042 scd
637 1010 657 1042 et
668 1004 748 1051 justam
761 1006 873 1043 earundem

67 1067 249 1118 impertiendorum
257 1064 381 1109 methodum,
386 1076 458 1102 veram
464 1065 533 1102 cordis
541 1065 633 1116 linguam
640 1070 673 1102 sat
681 1065 759 1103 abunde
769 1065 872 1104 exhibent.

69 1129 108 1179 Qui
127 1133 205 1166 attente
222 1138 295 1164 sacras
312 1125 385 1163 literas
400 1125 542 1174 pervolverit,
560 1138 599 1164 non
616 1125 694 1175 poterit
710 1138 750 1163 uon
766 1127 873 1172 admirari,

69 1200 168 1241 quaenam
186 1194 206 1225 et
221 1193 296 1236 quanta
310 1186 382 1235 paucis
397 1186 468 1223 verbis
483 1186 650 1237 imaginibusque
666 1186 822 1224 sublimioribus
838 1201 872 1225 cx-

67 1262 143 1301 pressa
158 1248 303 1286 contineantur
310 1262 316 1292 3
336 1253 412 1295 quauta
427 1259 473 1284 cuin
484 1248 574 1284 veritate
587 1254 608 1285 et
620 1247 715 1285 efficacia
726 1247 841 1285 levioribus
853 1249 873 1285 iu

68 1309 199 1350 lineamentis
210 1308 304 1347 bornines
317 1307 455 1358 depingantur
462 1323 468 1353 3
486 1314 562 1357 quanta
572 1309 686 1346 verborum
698 1308 831 1357 simplicitate
844 1310 872 1347 al·

68 1372 162 1412 tissimae
181 1378 202 1408 et
217 1370 294 1419 partim
307 1381 373 1406 novae
388 1369 447 1407 ideae
463 1369 676 1418 eortipreltendantnrl
693 1369 728 1406 Uti
738 1370 821 1414 limbus,
834 1383 873 1420 quo

69 1434 161 1472 inclusas
174 1430 278 1480 conspicis
291 1442 394 1481 gemmas,
406 1429 512 1467 levissime
525 1432 591 1480 quoad
602 1431 649 1468 ficri
659 1436 737 1479 potest,
750 1430 873 1469 thesaurum

68 1495 129 1546 tegit,
140 1494 170 1532 ita
183 1500 204 1531 et
215 1505 278 1531 sacra
289 1492 395 1543 scriptura
405 1492 478 1540 paucis
486 1499 507 1529 et
514 1492 634 1532 efficacibus
641 1493 708 1542 iisque
716 1498 737 1530 et
744 1493 873 1543 simplicibus

69 1557 139 1596 verbis
152 1555 245 1594 sublimis
256 1561 342 1593 nostrae
354 1554 434 1592 divinae
447 1554 671 1606 Religionisvcritates
681 1567 733 1604 pure
744 1556 872 1605 etpellueide

69 1618 170 1671 proponit.
197 1620 229 1656 Eu
245 1629 332 1669 gravem
347 1616 391 1665 ejus
406 1616 542 1661 breuitatem,
558 1618 632 1655 miram
644 1616 813 1662 foecunditatem,
826 1630 873 1656 coe-

69 1683 142 1720 lestem
158 1679 306 1718 sublimitatem
321 1685 341 1716 et
352 1678 464 1730 ingenuam
476 1679 641 1729 simplicitatem!
660 1679 776 1717 Descendit
788 1680 812 1722 ad
824 1680 872 1717 sirn-

68 1743 133 1793 plices
151 1742 225 1786 corde,
241 1740 355 1791 imbuitque
372 1740 474 1790 sapientia
490 1740 584 1790 pusillos.
610 1741 672 1779 Modo
692 1740 776 1778 exhibet
791 1742 874 1779 leviora

69 1811 148 1843 tanturn
162 1803 248 1847 indicia,
264 1808 297 1840 ast
312 1815 338 1839 ex
350 1814 389 1852 qua
400 1802 540 1851 profunditate
553 1815 577 1840 ea
588 1803 681 1852 profert!
698 1802 758 1840 modo
770 1802 831 1840 fidam
843 1804 872 1840 lo·

69 1866 139 1916 quitur
150 1865 242 1915 linguam
255 1863 324 1908 animi,
337 1863 442 1912 allicitque
454 1876 536 1910 amore:
548 1864 607 1901 modo
620 1863 711 1901 terribili
721 1863 745 1901 de
754 1863 871 1902 Sinaivocc

70 1926 186 1970 conturbat,
199 1931 219 1962 ct
229 1924 268 1962 val]
281 1924 371 1962 minatur
381 1925 488 1974 peccatori
493 1939 498 1969 ς
509 1925 599 1975 loquitur
612 1925 704 1962 adinstar
717 1925 785 1970 amici,
798 1926 832 1974 qui
842 1926 872 1963 in-

69 1999 150 2039 genuus
162 1986 268 2035 omnisque
280 1986 417 2023 simulationis
430 1985 513 2023 nescius
525 1986 546 2023 in
558 1986 681 2036 sapientium
694 1992 714 2023 et
724 1985 873 2035 insipientium,

69 2048 181 2098 proborum
196 2054 217 2084 et
232 2047 373 2096 improborum
392 2046 470 2084 animos
485 2047 539 2084 viam
555 2048 594 2085 sibi
605 2053 672 2096 parat.
696 2046 761 2095 Quam
772 2048 837 2085 multa
849 2060 873 2085 ac

68 2109 128 2146 varia
142 2109 163 2145 in
178 2108 210 2145 his
225 2108 332 2145 thesauris
347 2107 455 2146 recondita
469 2114 518 2145 sunt
529 2108 663 2145 adminicula!
684 2107 734 2146 Diei
744 2120 784 2145 nou
795 2115 872 2156 potest,

70 2176 146 2219 quanta
158 2181 184 2205 cx
196 2181 220 2206 ea
232 2175 328 2219 emergat
339 2168 424 2206 utilitas¹
443 2168 530 2207 „Omnis
543 2169 649 2218 scriptura
661 2165 759 2206 divinitus
771 2169 874 2218 inspirata

70 2230 125 2267 utilis
138 2235 171 2267 est
182 2230 207 2267 ad
218 2229 339 2274 docendum,
352 2229 376 2267 ad
389 2229 552 2278 corripiendum,
568 2230 595 2272 ,ad
608 2229 741 2267 erudiendum
752 2229 872 2278 injustitia,

69 2296 92 2327 ut
102 2291 210 2339 perfectus
222 2290 249 2326 sit
261 2289 320 2327 homo
332 2290 373 2327 Dei
385 2289 410 2327 ad
422 2302 480 2326 omne
493 2302 544 2339 opus
555 2290 630 2328 bonurn
642 2290 783 2335 instructus”;
799 2291 874 2329 scribit

69 2351 181 2399 Apostolus
187 2348 214 2399 ³).
225 2351 304 2388 Beatus
316 2362 374 2394 sane,
386 2350 420 2400 qui
430 2350 451 2387 in
463 2351 510 2401 lege
518 2351 601 2388 Domini
611 2351 722 2388 meditatur
731 2350 762 2388 die
770 2354 873 2390 aenocte!

70 2412 128 2449 Talis
145 2412 185 2449 fuit
199 2411 345 2457 Thimotheus,
365 2412 398 2461 qui
413 2411 437 2448 ab
454 2411 541 2449 infantia
555 2412 613 2449 novit
628 2424 702 2450 sacras
717 2412 803 2457 literas,
822 2425 874 2463 quae

69 2472 136 2521 ipsum
153 2472 285 2511 instruebant
300 2473 324 2510 ad
339 2473 433 2511 salutern.
457 2472 526 2521 Quare
544 2473 629 2523 quilibet
646 2474 757 2518 sacerdos,
776 2480 797 2512 et
813 2475 848 2524 qui
862 2487 874 2512 a

70 2534 138 2572 sacris
162 2534 327 2573 confessionibus
350 2541 392 2580 est,
413 2533 453 2574 hoc
476 2534 498 2573 S.
517 2534 639 2585 Hieronymi
655 2535 721 2574 veluti
739 2535 779 2574 sibi
796 2535 873 2575 dietum

70 2598 185 2636 auscultet:
209 2598 314 2638 „Divinas
331 2597 449 2648 scripturas
464 2598 523 2649 lege,
540 2592 580 2637 imo
598 2598 622 2637 de
639 2598 734 2637 inanibus
751 2599 792 2637 tuis
809 2599 872 2639 lectio

71 2671 132 2698 saera
144 2672 248 2711 nunquam
261 2661 374 2711 deponatur
379 2676 385 2707 3
402 2660 466 2706 disce,
479 2661 532 2711 quod
543 2660 629 2708 doeeas3
645 2660 713 2700 obtine
727 2673 780 2707 eum,
793 2662 828 2712 qui
839 2674 871 2699 se-

71 2721 158 2760 eundum
173 2722 288 2762 doctrinam
304 2730 345 2769 est,
362 2722 443 2760 fidelem
458 2734 585 2769 sermonem,
602 2730 625 2761 ut
636 2730 709 2774 potens
722 2723 751 2761 sis
765 2722 871 2762 exhortari

70 2781 91 2817 iu
103 2782 198 2822 doctrina
209 2796 268 2829 sana,
280 2790 301 2821 et
312 2785 479 2824 contradicentes
491 2786 595 2837 arguere'
604 2782 631 2833 ⁴).

96 2878 111 2917 1]
123 2879 180 2912 Kath.
195 2880 355 2922 Quartalssohrift
367 2890 404 2914 von
418 2881 516 2924 Tiibingcn
531 2883 584 2916 1820.
599 2882 620 2915 S.
631 2882 672 2915 195.
690 2900 714 2905 —
731 2882 747 2922 ²)
761 2890 777 2914 e.
788 2881 804 2913 1.
814 2879 832 2912 ’4.
846 2880 871 2914 D,

119 2927 224 2963 XXXVIII.
233 2948 257 2954 -
265 2932 281 2971 ³)
290 2929 303 2963 I.
314 2930 362 2964 Tim.
371 2930 404 2964 Ill.
416 2932 444 2964 15.
457 2949 482 2970 τ-
489 2933 506 2972 t)
518 2931 581 2975 Epist,
591 2930 620 2970 ab.
630 2931 677 2983 Nep.
