2056 3193
118 95 164 147 are

582 179 584 195 Ι

119 218 182 255 dicit:
202 218 233 255 „0
245 217 329 261 invidia,
349 228 400 265 quae
413 226 495 264 semper
514 222 547 254 est
562 213 602 254 sihi
618 216 712 255 inimica!
729 228 773 255 1111111
790 214 823 267 qni
841 209 926 261 11111111,
983 231 985 238 1

120 278 159 313 silai
172 289 251 324 quoque
263 276 397 325 ignominiam
410 276 468 319 facit,
480 277 510 312 illi
523 284 598 319 autem,
612 278 644 313 cui
655 276 741 320 invidet,
753 277 926 327 gloriarnparit.”

118 338 146 373 Et
158 337 180 373 S.
194 335 314 387 Gregorius
327 337 366 373 aa:
380 335 438 383 „Quo
451 336 484 372 alii
498 337 522 373 ad
535 336 621 374 meliora
632 342 752 386 properant,
771 350 794 374 eo
807 339 851 387 ipso
870 337 927 374 dete-

120 398 164 434 rius
175 397 220 445 ipsc
233 397 296 434 ruit.'’
309 398 387 434 invidia
399 409 487 446 uanique
500 411 522 435 se
535 398 597 434 hahet
612 399 679 435 instar
690 398 769 435 vermis
780 399 836 435 iutra
848 400 927 451 lignum

119 460 168 506 nati,
182 459 215 511 qui
227 472 274 498 mox
285 460 352 511 ipsum
365 459 454 512 lignum,
470 461 523 499 unde
538 460 652 511 productus
665 466 703 507 est,
717 461 832 500 consumit:
850 460 927 500 invidia

120 524 214 562 nascitur
227 524 247 561 in
260 523 329 569 corde,
342 529 363 561 et
374 523 470 574 primum,
486 523 538 575 quod
550 523 638 569 cruciat,
657 523 724 573 ipsum
737 537 773 562 cor
785 530 827 569 est,
841 526 928 574 cumque
976 513 977 516 Ἴ

116 586 160 633 jam
173 597 210 622 cor
223 585 349 634 corruperit,
362 586 423 624 etiam
436 585 489 623 tollit
501 586 616 623 naturalem
632 585 701 623 vultus
720 587 824 631 colorem,
843 598 927 624 carnem
945 616 948 619 ,

121 648 221 691 exsiccat,
234 647 362 684 intellectum
374 653 463 696 torquet,
476 659 548 696 pacem
561 647 844 699 conscientiaeinterturbat,
857 658 928 685 omnes

121 708 165 745 dies
177 708 232 745 vitae
244 707 296 745 facit
314 708 421 745 tristiores
439 719 560 758 omnemque
579 707 749 757 tranquillitatem
762 714 783 745 et
801 709 900 759 gaudium
918 720 929 745 a

121 776 189 807 mente
201 769 290 806 humana
302 769 400 820 elongat.>
411 767 461 816 Quis
474 781 513 807 nou
526 769 665 807 exhorrescat
677 769 701 807 ad
712 769 786 807 horum
798 769 897 815 auditum,
909 775 930 806 et

120 830 218 867 invidiam
231 829 297 868 adhuc
308 831 329 867 in
342 830 420 867 semine
433 831 538 868 suffocare
550 842 590 867 non
602 831 694 868 studeat!
713 830 793 867 Inuidia
805 831 879 867 ntalum
898 836 930 866 est

121 897 161 927 tam
175 890 264 935 foedum,
277 897 299 927 ut
310 890 391 927 invidus
403 891 448 938 ipse
461 903 483 927 se
495 891 632 939 proderenon
641 891 726 936 audeat3
738 891 823 928 simulat
834 894 929 939 propter·

122 963 146 987 ea
161 951 269 1001 gaudium,
283 957 303 986 at
320 950 386 987 tacite
395 962 466 987 secmn
479 951 592 999 rumpitur3
611 951 635 988 oh
654 962 714 999 quam
727 962 812 988 causam
830 963 868 988 ncc
888 961 929 987 1111-

122 1011 175 1046 dium
188 1014 226 1046 nec
238 1009 359 1046 medicinam
373 1009 420 1046 mali
432 1010 465 1046 sui
476 1010 537 1047 facile
548 1010 633 1046 invenit.

194 1064 219 1113 5]
232 1068 327 1123 Denique
339 1068 419 1105 utiliter
431 1069 538 1106 admodum
556 1069 688 1119 injungetur,
707 1072 730 1115 a]
749 1075 772 1105 ut
783 1081 820 1117 pro
832 1069 866 1112 iis,
879 1079 929 1117 quos

121 1128 166 1164 odio
180 1133 200 1163 et
211 1127 289 1163 invidia
300 1128 407 1176 prosecuti
425 1135 474 1165 sunt
489 1129 602 1172 hactenus,
622 1135 664 1165 tam
683 1141 758 1176 preces
776 1130 821 1165 Deo
840 1129 930 1164 otl'erant

58 1200 63 1210 ⁴
121 1200 158 1238 pro
170 1187 254 1226 illorum
266 1188 332 1234 honis,
352 1200 411 1238 quam
430 1189 512 1239 gratias
531 1195 594 1241 agant
605 1202 642 1239 pro
660 1189 768 1227 beneficiis
786 1188 828 1227 illis
848 1187 929 1227 collatis

121 1255 218 1301 tanquam
230 1249 281 1288 suis.
301 1248 369 1290 „itinn
382 1250 434 1288 enim
447 1250 476 1289 ita
489 1250 620 1290 dilectionem
632 1250 738 1298 conciliat,
749 1250 816 1302 inquit
828 1249 850 1289 S.
864 1249 929 1300 Chry·

123 1319 235 1359 sostomus,
248 1326 308 1364 quam
321 1313 373 1364 quod
386 1320 407 1351 et
417 1312 437 1351 111
450 1314 526 1366 gaudio
539 1321 559 1353 et
575 1314 663 1353 tristitia
675 1314 800 1353 alterutrum
818 1313 930 1353 communi-

123 1387 200 1414 camus.
213 1399 243 1403 —
254 1398 284 1403 —
295 1399 323 1403 —
337 1375 471 1415 Commtmica
483 1389 534 1428 crgo
547 1377 684 1427 plorantibus,
696 1384 718 1415 ut
730 1377 836 1415 tristitiam
848 1377 931 1414 illorum

122 1439 211 1483 alleves3
224 1439 354 1476 communica
365 1437 512 1489 gaudentibus,
525 1445 546 1476 ut
559 1445 579 1476 et
591 1438 691 1476 laetitiam
702 1439 784 1477 illorum
797 1439 894 1482 radices,
910 1443 931 1474 et

123 1498 253 1536 dilectionem
267 1498 391 1543 consolides,
405 1504 425 1535 ct
437 1506 484 1536 ante
496 1499 543 1536 illos
556 1506 576 1537 te
588 1500 655 1548 ipsum
664 1500 737 1547 juves,
756 1499 890 1548 lacrymando
903 1498 930 1535 si·

123 1560 203 1609 quidem
216 1559 374 1597 misericordem
385 1559 446 1605 facis,
459 1561 623 1610 congratulando
635 1572 686 1597 vero
698 1560 764 1598 livore
772 1567 792 1597 11
800 1561 867 1610 ipsum
880 1560 930 1597 libe-

123 1633 159 1657 ras
170 1620 208 1667 ¹].”
221 1621 246 1667 h]
259 1620 285 1657 Ut
297 1621 345 1658 dent
356 1633 454 1670 operam,
466 1628 489 1658 ut
501 1621 525 1658 de
537 1622 563 1658 iis
576 1622 643 1659 omnia
655 1622 709 1658 bona
721 1621 782 1660 etiam
795 1634 866 1659 coram
885 1619 931 1658 aliis

123 1683 241 1731 loquantur,
253 1681 358 1731 ipsosque,
370 1682 487 1731 ubicunque
499 1681 674 1730 deprehenderint
693 1688 804 1720 accusatos
820 1688 855 1718 aut
873 1681 931 1718 mali-

124 1742 175 1779 tiose
188 1742 303 1786 traductos,
316 1753 375 1791 qaam
388 1742 507 1779 fidelissime
519 1749 614 1791 possunt,
633 1749 741 1780 excusent.
764 1745 786 1789 c]
802 1741 829 1779 Ut
845 1742 932 1779 visitent

123 1814 159 1838 eos
172 1802 299 1850 quandoque,
313 1802 411 1839 cumillis
424 1803 542 1851 loquantur,
555 1803 621 1840 aliove
633 1803 697 1840 officii
709 1815 788 1853 genere
800 1802 852 1852 ipsis
865 1801 931 1852 grati·

123 1862 219 1898 licentur,
233 1862 283 1898 Cum
296 1863 357 1905 enim,
369 1868 392 1898 ut
404 1874 466 1910 saepe
482 1862 558 1899 dictum
578 1869 619 1907 est,
639 1863 746 1900 contraria
762 1862 875 1899 contrariis
887 1864 931 1897 'cu-

123 1927 204 1963 rentur,
216 1921 272 1957 sicut
282 1921 412 1957 inordinatus
425 1928 445 1957 ct
457 1921 548 1957 lascivus
564 1933 622 1957 amor
639 1922 729 1969 proximi
736 1921 742 1963 ,'
761 1922 795 1968 qui
812 1921 900 1957 inclinat
911 1920 931 1956 in

124 1980 297 2028 conjunctionem,
310 1980 382 2017 curari
393 1970 453 2016 debet
465 1981 605 2029 separatione,
617 1981 646 2017 ita
658 1992 684 2016 ex
696 1980 789 2029 opposito
802 1979 869 2017 adium
884 1991 931 2029 pro·

122 2041 180 2086 ximi,
193 2041 245 2090 quod
256 2041 343 2079 inclinat
354 2041 374 2078 in
386 2042 549 2090 separationem,
569 2042 713 2090 conjunctione
725 2042 793 2091 potius
813 2047 833 2078 et
845 2053 931 2079 conver·

124 2104 203 2142 satione
223 2116 268 2142 cum
286 2104 321 2142 illo
341 2104 413 2142 curari
431 2104 498 2143 debet.
517 2104 540 2154 d)
557 2105 668 2143 Postremo
686 2117 724 2156 pro
743 2104 795 2143 dono
814 2103 932 2143 dilectionis

123 2168 198 2213 Deum,
212 2180 223 2205 a
236 2180 274 2218 quo
287 2180 346 2206 omne
359 2168 427 2206 datum
440 2169 545 2218 optimum,
558 2174 579 2206 et
597 2181 656 2207 omne
674 2168 748 2206 donum
766 2167 882 2218 perfectum
898 2168 932 2205 dc·

123 2230 212 2274 scendit,
224 2229 294 2266 humili
307 2237 327 2267 et
336 2228 437 2279 ferventip
446 2222 638 2280 rccelnterpellare
650 2242 689 2267 non
700 2230 859 2274 intermittatur,
871 2230 932 2277 idque

123 2303 161 2340 per
173 2291 247 2327 merita
258 2290 312 2328 Jesu
325 2290 405 2343 Christi
417 2283 542 2336 Salvathris,
555 2290 589 2341 qui
607 2303 617 2328 e
634 2303 697 2329 cruce
713 2290 805 2340 pendens
817 2301 854 2339 pro
865 2288 932 2327 inimi·

124 2352 155 2388 eis
167 2351 212 2389 suis
223 2352 308 2389 Patrem
321 2358 354 2390 est
365 2352 496 2402 deprecatus.

273 2473 356 2526 Contra
369 2472 513 2543 suspiciones
528 2472 568 2539 etj
589 2472 647 2526 dicia
660 2473 786 2526 1111111111.

200 2596 217 2649 ἓ.
231 2595 280 2637 189.
295 2598 443 2635 Confessarius
456 2611 467 2634 a
478 2598 604 2647 poenitente,
617 2598 649 2646 qui
662 2608 685 2633 sc
698 2603 784 2635 accusat
795 2598 819 2634 de
832 2596 933 2633 delibera-

125 2660 152 2696 tis
165 2659 317 2706 suspicionibus
331 2664 365 2694 aut
380 2658 466 2705 judiciis
484 2657 604 2695 temerariis
624 2657 647 2693 de
665 2658 767 2706 proximo,
785 2657 889 2705 inquirat,
909 2668 934 2692 ex
950 2674 951 2677 ¹

125 2732 164 2769 qua
176 2718 246 2755 radice
258 2718 309 2756 hacc
322 2718 475 2768 precesserint:
494 2719 579 2769 cognita
591 2717 645 2755 enim
657 2717 727 2755 radice
739 2717 773 2754 vel
786 2728 849 2755 causa
867 2715 935 2753 morbi

124 2779 550 2824 1111111111,111111111111111110111111111.
570 2779 625 2816 Tres
637 2778 720 2816 radices
736 2789 748 2814 a
763 2777 785 2816 S.
803 2777 883 2815 Thema
901 2788 933 2813 as·
964 2781 966 2784 ⁴

149 2918 165 2959 1)
174 2916 231 2951 llom.
241 2917 271 2952 22.
282 2924 342 2961 super
351 2916 407 2961 epist.
417 2916 441 2951 ad
447 2916 504 2951 Rom.
