2017 3193
874 100 919 146 235

112 220 207 261 mendaci
217 218 302 270 poterit,
315 226 349 258 aut
360 220 448 261 debebit.
462 222 485 268 c)
497 220 594 271 Inprimis
606 220 677 259 sedulo
691 217 813 263 cavendum,
832 228 919 268 cepoe·

112 285 214 330 nitentes)
228 281 275 318 dum
287 293 349 331 saepe
361 284 444 332 saepius
456 282 542 330 pedibus
555 282 680 320 confessarii
692 281 836 324 advolvuntur,
851 290 920 316 corte-

110 343 172 395 poltc
184 343 302 391 agitentur,
315 345 447 395 inquietique
458 342 588 379 reddantur.
601 341 706 389 Quocirca
717 354 757 379 non
768 340 886 390 permittes,
898 344 921 376 ut

114 403 138 439 de
154 401 316 438 circumstantiis
334 404 395 451 plane
411 401 519 439 inutilibus
538 413 585 437 sese
605 408 715 445 accusent;
733 414 773 438 non
793 399 920 450 exagerabis

113 472 191 499 naevos
202 460 285 499 illorum
296 463 361 508 leves,
373 474 424 512 quos
437 460 563 498 confitentur
570 474 576 505 3
595 471 634 496 non
647 460 744 497 obtrudes
757 461 787 497 eis
800 460 873 510 [quasi
885 470 921 495 ex-

114 522 241 575 torquendo]
253 530 368 576 peccatum,
382 524 416 562 ubi
427 534 467 561 non
480 528 522 569 est3
535 520 619 559 docebis
632 526 700 558 autem
712 533 748 558 eos
760 534 818 572 quam
830 521 920 559 maxime

114 586 212 626 distincte
224 594 244 626 et
256 589 323 636 clare,
342 611 372 616 -
391 585 519 638 quandonam
531 585 585 624 adsit
596 590 717 637 peccatum,
733 596 753 622 v.
766 597 787 637 g.
800 584 878 636 quando
891 583 919 623 di·

114 651 241 701 structiones
252 651 308 689 inter
319 650 454 700 precandum,
473 648 566 700 cogitata
578 655 599 685 et
616 647 721 686 desideria
738 647 841 696 objective
857 649 919 693 mala,

115 723 166 761 quae
177 712 242 749 menti
253 709 495 759 obve1·santur,'peccati
505 710 607 747 maculam
620 708 754 753 contrabant3
772 730 802 735 —
821 709 919 758 quomodo

114 773 254 810 conscientiae
273 784 359 809 examen
377 771 527 809 instituendum
546 771 582 815 sit,
604 783 630 808 ne
648 770 685 808 fiat
698 770 791 819 inquieta
809 769 920 814 anxietate,

114 833 264 883 defatigatione
277 832 340 869 animi
351 831 455 880 nimioque
466 838 553 880 peccata
565 831 687 881 exquirendi
698 830 767 868 studio
772 844 778 875 3
797 851 827 857 -
843 830 864 866 in
883 842 921 878 quo

114 904 164 930 vera
177 893 246 930 cordis
259 891 357 929 contritio
370 892 482 935 consistat,
501 904 552 940 quae
564 891 637 928 nonin
651 903 750 928 sensuum
769 890 921 933 affectionibus,

114 953 183 990 sedin
195 952 241 989 odio
254 958 275 988 et
286 951 425 988 detestatione
437 952 545 1000 reponitur
556 951 646 1000 peccati,
661 957 759 999 tanquam
771 952 863 988 offensae
873 950 922 994 Dei,

114 1019 135 1051 et
146 1013 167 1050 in
178 1012 237 1050 firmo
255 1018 275 1049 et
293 1010 376 1049 efficaci
391 1011 498 1060 proposito
511 1011 535 1049 de
554 1018 624 1049 cetero
642 1016 751 1061 peccatum
769 1022 810 1048 non
829 1009 922 1049 commit-

114 1073 171 1113 tendi
182 1079 222 1112 etc.
234 1073 281 1118 His,
294 1078 391 1124 quantum
404 1073 429 1111 ad
439 1073 578 1123 poenitentes,
591 1073 716 1117 observatis,
729 1072 873 1110 confessarius
885 1083 923 1109 sua

115 1144 212 1188 exparte
225 1135 383 1183 animadvertet,
395 1136 484 1187 perutile
497 1150 552 1183 esse,
564 1136 646 1176 hortari
656 1135 797 1188 poenitentes,
814 1142 837 1175 ut
846 1134 923 1174 bonum

115 1200 156 1238 sibi
167 1200 247 1251 eligant
260 1199 420 1245 confessarium,
432 1212 498 1250 neque
509 1200 574 1247 illum,
587 1200 628 1238 nisi
639 1200 757 1238 necessitas
771 1199 874 1251 coegerit,
885 1198 923 1236 im-

114 1267 204 1298 mutent:
221 1261 305 1298 minime
317 1267 385 1299 tamen
397 1262 538 1310 poenitentem
557 1268 629 1312 cogat,
647 1262 689 1304 imo
704 1274 771 1311 neque
791 1261 886 1306 inducat,
900 1266 924 1297 ut

116 1333 199 1370 semper
211 1322 236 1359 ad
248 1333 271 1358 se
282 1327 379 1370 tanquam
391 1322 542 1359 confessarium
554 1322 637 1366 redeat;
648 1321 688 1359 hoc
696 1322 749 1358 enim
757 1323 823 1359 malos
832 1321 924 1372 gignere

114 1388 187 1430 posset
198 1382 293 1418 effectus.

192 1441 338 1492 Exuigesimo
357 1442 423 1489 primo
442 1442 526 1478 Conone
545 1442 632 1479 Concilii
649 1441 800 1479 Lateranensis
818 1441 923 1478 confessio

55 1509 57 1511 ’
117 1513 185 1539 annua
196 1501 256 1539 debet
268 1501 314 1539 fieri
331 1501 417 1551 proprio
436 1502 556 1546 sacerdoti,
573 1503 606 1539 vel
625 1502 686 1539 alteri
698 1514 724 1538 ex
742 1501 786 1550 ejus
804 1499 924 1548 licentia¹].

117 1562 168 1600 Gum
180 1568 249 1600 autem
260 1562 328 1600 libera
339 1562 367 1600 sit
379 1563 491 1608 confessio,
506 1569 529 1601 ut
540 1562 588 1601 huic
599 1563 693 1601 libertati
705 1563 838 1608 consulatur,
853 1562 874 1599 in
885 1562 925 1600 hac

116 1625 209 1665 dioecesi
219 1625 240 1664 in
251 1637 291 1664 usu
303 1631 342 1672 est,
354 1631 377 1664 ut
389 1624 474 1665 cuilibet
485 1624 592 1666 sacerdoti
603 1625 643 1665 rite
656 1625 768 1677 approbato
780 1625 862 1676 possint
875 1624 925 1664 fide-

114 1690 154 1735 les,
167 1689 222 1728 sicut
233 1688 284 1727 alias
295 1702 333 1739 per
346 1701 427 1735 anuum,
438 1689 469 1728 ita
481 1696 501 1729 et
512 1689 606 1729 Paschae
614 1696 716 1740 tempore,
728 1696 815 1740 peccata
827 1701 865 1728 sua
877 1702 924 1729 con-

116 1750 179 1795 fiteri,
198 1757 219 1788 et
230 1751 254 1788 ab
267 1763 290 1788 eo
310 1751 447 1789 absolutionis
465 1752 590 1790 beneficium
607 1753 725 1802 percipere.
741 1751 857 1802 Optandum
874 1764 925 1789 vero

116 1818 156 1856 est,
168 1817 198 1856 ut,
211 1811 244 1860 qui
255 1811 349 1860 paschali
361 1817 454 1860 tempore
466 1812 557 1849 fidelium
570 1813 714 1850 confessiones
727 1813 840 1861 excipiunt,
859 1814 890 1850 sic
902 1825 926 1849 se

117 1877 194 1922 gerant
206 1882 259 1921 erga
271 1883 319 1915 eos,
338 1871 372 1919 qui
383 1872 466 1908 nonnisi
481 1872 502 1908 in
516 1872 621 1909 Paschate
638 1872 777 1916 confitentur,
794 1879 817 1909 ut
829 1873 877 1910 data
890 1872 927 1909 illa

117 1931 228 1969 occasione
240 1930 340 1979 majorem
352 1932 427 1968 salutis
443 1931 572 1982 diligentiam
584 1932 636 1980 ipsis
647 1932 758 1981 inspirent.
773 1933 810 1969 Eis
823 1945 876 1983 ergo
892 1944 926 1969 ex·

117 1997 201 2041 ponant,
209 1990 259 2028 nihil
267 2003 315 2028 esse
322 1990 462 2040 insipientius,
471 2004 530 2041 quam
538 1992 615 2031 delicta
622 1992 704 2030 delictis
714 1993 831 2038 cumulare,
840 1998 861 2030 et
871 2004 926 2030 mor·

117 2052 145 2091 tis
156 2052 250 2090 incertae
262 2052 368 2103 periculo,
380 2064 420 2091 non
433 2054 514 2104 placato
526 2055 579 2100 Deo,
592 2066 651 2105 quem
663 2053 787 2104 saepissime
802 2066 840 2104 per
853 2066 927 2092 annum

118 2114 231 2163 offendunt,
243 2128 267 2154 se
280 2115 410 2154 committere
414 2132 420 2164 3
439 2116 550 2156 Ecclesiae
562 2123 697 2169 praeceptum
710 2117 734 2156 de
747 2117 879 2157 confessione
891 2129 926 2160 an-

117 2192 159 2218 nua
169 2179 252 2217 nonnisi
264 2178 289 2218 ad
301 2179 404 2218 duritiem
416 2181 485 2219 cordis
501 2180 605 2219 hominum
617 2181 796 2231 impoenitentium
813 2194 860 2223 esse
879 2193 926 2219 san-

118 2242 181 2280 citum
185 2271 192 2292 ,
211 2240 248 2278 sed
260 2253 305 2278 eam
317 2241 341 2278 de
353 2242 411 2279 veris
424 2241 550 2281 Christianis
562 2243 636 2281 melius
649 2243 695 2293 quid
714 2255 803 2292 sperare
819 2250 840 2285 et
856 2242 927 2293 perfe-

118 2303 180 2346 ctius,
194 2302 380 2340 Sacramentorum
392 2315 466 2351 nempe
479 2303 563 2352 dignam
575 2310 596 2344 et
605 2305 745 2357 frequentem
756 2304 927 2354 perceptionem:

118 2363 170 2400 unde
189 2373 225 2399 eos
238 2362 306 2398 serius
325 2361 476 2405 exhortentur,
495 2368 518 2399 ut
534 2363 555 2398 in
573 2369 680 2411 posterum
700 2362 824 2401 delictorum
843 2376 928 2402 suorum

118 2421 271 2459 confessionem
284 2427 341 2457 tanto
354 2427 448 2469 tempore
460 2433 499 2457 non
512 2421 616 2458 differant

118 2529 245 2572 summopere
255 2528 359 2573 optandum
369 2532 389 2562 et
397 2528 440 2561 hino
449 2527 537 2562 fidelibus
548 2528 603 2561 enixe
613 2527 787 2562 commendandum
796 2531 837 2568 est,
851 2533 883 2569 ut,
897 2528 929 2562 ubi

141 2578 245 2614 infeliciter
254 2582 335 2625 peccato
345 2578 400 2624 gravi
409 2577 566 2622 succubuerunt,
581 2577 723 2613 confessionem
731 2587 769 2612 non
779 2577 878 2621 differant,
894 2579 929 2613 sed

142 2639 198 2672 quam
208 2631 291 2673 primum
301 2640 343 2667 oum
352 2631 395 2665 Deo
404 2629 526 2666 reconciliari
535 2630 651 2665 adnitantur.

167 2682 186 2721 a)
196 2681 236 2723 „Nc
246 2680 313 2718 tardes
324 2681 412 2714 converti
424 2680 448 2714 ad
456 2681 530 2722 Deum,
544 2690 580 2717 nce
590 2679 669 2714 differas
682 2681 706 2717 de
716 2680 746 2714 die
756 2680 774 2712 in
790 2680 839 2714 diem
845 2691 851 2722 ς
865 2679 929 2715 subito

143 2727 191 2762 enim
201 2730 254 2763 venit
265 2731 294 2763 ira
304 2730 355 2763 illius
366 2734 385 2764 et
397 2730 497 2773 disperdet
511 2734 531 2764 tc
539 2730 558 2763 in
568 2734 656 2773 tempore
665 2729 776 2763 vindictae“
783 2729 807 2773 ²).
819 2749 843 2755 -
850 2729 929 2764 ,Pecca-

143 2779 193 2815 tum,
207 2779 259 2820 quod
267 2788 302 2822 per
311 2780 448 2823 poenitentiam
457 2789 494 2812 non
504 2779 594 2820 diluitur,
608 2790 653 2813 mox
662 2789 698 2813 suo
708 2780 793 2823 pondere
803 2779 821 2812 in
831 2780 882 2812 alind
890 2783 928 2811 tra-

115 2866 337 2877 *Ἃ-

120 2906 162 2953 ffll)
173 2907 212 2940 Cir.
223 2909 282 2942 Cone.
292 2912 345 2945 Trid.
355 2913 412 2948 Soss.
420 2913 472 2946 Xiv.
481 2914 504 2945 de
512 2912 587 2944 Poenit.
598 2922 641 2955 cap,
649 2915 699 2945 5.-
708 2915 724 2953 2)
733 2912 794 2945 Eccli.
804 2912 827 2943 V.
836 2913 854 2943 8.
