2017 3193
858 102 909 147 245

96 221 156 267 serit,
169 226 204 258 aut
212 216 255 266 jam
268 223 345 262 cesset,
361 217 421 269 idque
433 219 458 256 ob
474 217 614 256 reverentiam
629 217 677 256 huic
692 216 833 256 Sacramento
849 217 906 256 debi-

96 282 180 322 tamid
197 279 250 329 quod
262 278 324 316 etiam
336 278 488 318 observandum
503 285 535 316 est
549 278 571 315 in
585 280 630 327 ipso
648 279 723 316 mortis
743 278 840 317 articulo.
859 278 906 317 Hoc

97 344 150 384 enim
164 352 214 381 casu
226 351 298 391 aeger,
311 340 345 390 qui
355 342 409 379 mala
421 339 523 390 ejusmodi
534 345 617 377 tenetur
630 340 748 386 allectione,
760 345 859 390 metuque
870 352 905 390 pe·

96 403 158 453 riculi
166 402 210 451 jam
222 400 272 439 dicti
284 401 420 441 sacramento
432 401 476 439 frui
487 412 527 438 non
539 405 616 450 potest,
628 400 714 447 sufficit,
731 407 755 440 ut
769 401 809 440 hoc
824 401 905 447 adoret,

97 473 118 505 et
129 463 269 515 spiritualiter
280 471 354 503 sumat.
368 463 426 514 Quod
437 462 478 512 ipsi
489 473 541 500 vcra
552 460 591 498 fide
610 473 635 499 ac
647 461 756 500 devotione
772 464 869 514 praedito
884 464 912 502 in·

96 528 173 568 itinere
184 524 257 564 viatici
267 526 313 565 loco
325 525 439 571 deserviet,
451 524 470 561 si
482 522 510 561 sit
521 535 532 561 e
543 521 588 560 vita
599 521 742 561 discessurus.

176 586 264 626 Tertius
276 593 315 633 cst,
327 587 380 638 quod
391 588 454 637 longo
472 591 567 634 tempore
583 583 685 635 gravibus
699 586 793 632 pcccatis
806 589 905 627 maxime·

100 663 139 701 que
151 649 269 688 carnalibus
279 649 387 693 immerso,
399 647 459 684 modo
472 657 517 684 cum
535 644 631 695 legitima
648 645 810 696 necessariaque
829 650 905 688 contri.

99 711 156 757 tione
168 711 299 756 confiteatur,
311 708 414 748 absolutio
427 706 520 746 conferri
530 711 611 756 potest:
629 706 745 745 consultius
760 713 829 746 tamen
845 711 906 749 etiam

100 780 140 820 est,
152 773 223 824 diebus
236 772 315 822 aliquot
326 782 372 808 eum
385 783 396 807 a
408 767 557 806 Oommunione
569 766 679 817 suspendi,
698 768 771 818 quibus
787 772 907 809 accuratius

99 847 146 874 sese
157 839 278 884 praeparet,
289 831 388 882 precibus
401 830 489 880 aliisque
501 829 599 879 operibus
611 830 711 867 vacando.
723 852 754 857 —
764 830 908 871 Demumsua·

98 897 146 936 dent
158 897 227 941 etiam,
239 907 265 933 nc
276 894 329 931 diem
343 891 498 930 communionis
511 898 570 930 actus
582 891 686 928 maritalis
697 892 811 941 praecedat
819 891 844 941 ¹).
858 893 908 939 Sed,

97 964 159 1010 prout
171 958 193 996 S.
205 955 334 994 Franciscus
347 953 443 991 Salesius
455 953 562 998 observat,
576 952 689 992 „indecens
702 953 794 1003 quidem,
813 956 907 1005 quamvis

98 1033 137 1058 ncn
150 1018 245 1070 graviter
256 1014 425 1066 peccaminosum
437 1021 483 1060 est,
502 1014 535 1052 die
553 1014 708 1053 Gommuuionis
723 1018 800 1066 petere
818 1016 909 1056 debitum
944 1045 946 1057 .

99 1081 219 1131 conjugale,
238 1083 259 1116 at
276 1077 375 1115 indecens
393 1089 433 1115 non
451 1083 496 1122 est,
515 1076 651 1114 --illud
669 1075 741 1114 eadem
758 1076 790 1115 die
808 1078 908 1117 reddere.

97 1142 195 1191 Adeoque
207 1139 226 1177 si
237 1138 285 1177 talis
296 1151 388 1188 persona
400 1139 426 1176 ad
439 1138 609 1176 Communionem
621 1137 695 1176 devote
708 1138 798 1184 anhelat,
817 1140 842 1178 ob
860 1141 907 1178 red·

99 1202 196 1241 ditionem
207 1199 269 1249 hujus
281 1199 345 1238 debiti
357 1200 382 1237 ab
393 1199 429 1238 illa
440 1211 480 1236 non
491 1199 633 1249 prohibeatur.
648 1199 711 1237 Certe
722 1199 743 1237 in
754 1200 908 1249 primitivallc-

99 1263 165 1302 clesia
177 1260 292 1304 Christiani
303 1261 394 1311 quotidie
406 1260 594 1308 communicabant,
607 1261 701 1310 quamvis
714 1260 822 1312 conjugati
830 1269 909 1307 esseut,

99 1330 160 1374 atque
170 1322 265 1372 prolibus
276 1323 414 1371 procreandis
427 1334 511 1371 operam
523 1321 609 1359 darent’⁷
618 1320 644 1369 ²).
656 1323 696 1359 Ast
708 1322 742 1371 qui
752 1328 814 1360 nocte
822 1318 909 1372 praecc-

99 1385 159 1422 dcnte
171 1390 281 1433 peccatum
292 1396 358 1434 grave
370 1383 390 1421 in
402 1382 491 1421 materia
502 1382 598 1420 luxuriae
610 1382 700 1427 admisit,
713 1383 820 1421 alteradic
829 1397 840 1421 a
848 1384 909 1422 Com·

99 1444 195 1484 munione
219 1444 337 1490 abstineat,
360 1444 401 1482 etsi
420 1444 536 1489 contritus,
559 1443 669 1482 confessus
694 1450 714 1481 et
732 1443 847 1489 absolutus,
869 1446 911 1483 nisi

99 1513 167 1545 tamen
184 1511 262 1557 urgeat
278 1505 404 1551 necessitas,
420 1518 440 1543 v.
458 1517 479 1555 g.
496 1505 537 1543 iter
553 1505 640 1550 navale,
660 1506 694 1542 vel
712 1505 767 1543 aliud
779 1506 910 1544 confessario

99 1561 201 1606 videatur.

175 1626 304 1673 Postremo,
316 1628 396 1678 quando
409 1627 553 1666 confessarius
565 1627 681 1672 existimat,
693 1627 765 1665 utilem
783 1628 829 1665 fore
840 1629 910 1678 poeni·

101 1688 153 1727 tenti
168 1688 323 1726 Gommunionis
338 1688 470 1733 dilationem,
485 1694 508 1726 ut
523 1689 547 1726 ad
563 1701 607 1727 eam
626 1687 782 1738 percipiendam
801 1701 824 1726 se
842 1689 910 1741 magis

101 1749 195 1787 idoneum
207 1749 289 1795 reddat,
301 1755 336 1787 aut
347 1749 367 1786 in
380 1761 404 1787 eo
415 1748 482 1797 major
494 1750 553 1787 zelus
565 1749 733 1798 desideriumque
746 1750 912 1788 communicandi

101 1810 249 1848 accendantur.
267 1811 327 1856 Nam,
344 1817 368 1848 ut
385 1810 408 1848 S.
425 1810 547 1862 Gregorius
561 1812 591 1848 M.
608 1816 708 1854 testatur,
726 1810 831 1848 desideria
849 1811 912 1849 dilata

102 1878 208 1917 crescunt,
221 1877 241 1909 et
255 1875 360 1923 augentur
368 1868 394 1919 ³).

365 1988 493 2043 Communio
514 1989 649 2060 spiritualis.

175 2113 193 2166 ξ.
210 2110 261 2153 167.
278 2115 369 2152 Praeter
389 2114 544 2164 susceptionem
563 2116 737 2154 sacramentalem
752 2116 782 2165 pii
796 2117 912 2166 scriptores

102 2174 163 2218 etiam
183 2174 259 2213 ardens
275 2174 367 2223 ejusdem
386 2175 523 2220 desiderium,
541 2187 577 2212 seu
597 2175 727 2224 spiritualem
743 2176 913 2216 communionem

102 2235 252 2276 commendant.
266 2235 334 2274 Sacra
347 2235 438 2285 synodus
451 2235 574 2274 Tridentina
586 2248 631 2274 eam
649 2237 771 2275 solemniter
783 2237 913 2286 adprobavit,

102 2298 184 2336 dicens:
197 2297 287 2336 „Patres
299 2296 367 2334 nostri
385 2297 514 2341 docuerunt,
532 2319 562 2326 -—
573 2318 603 2324 —-
618 2297 717 2347 quosdam
733 2309 817 2335 sumere
832 2305 914 2338 tautum

101 2358 249 2409 spiritualiter,
260 2358 307 2396 illos
319 2357 424 2403 nimirum,
443 2358 477 2407 qui
494 2364 542 2395 voto
557 2358 687 2407 propositum
699 2358 757 2396 illum
775 2371 849 2408 panem
867 2373 914 2398 coe-

94 2420 177 2459 lestem
190 2419 283 2465 edentes,
295 2418 334 2457 fide
346 2418 404 2464 viva,
417 2431 470 2469 quac
488 2430 525 2469 per
544 2418 675 2458 dilectionem
691 2426 803 2469 operatur,
822 2421 914 2460 fructum

103 2481 148 2530 ejus
160 2488 181 2519 et
192 2481 303 2519 utilitatem
316 2477 455 2529 sentiunt”⁴].
468 2479 516 2518 Unit
529 2480 650 2518 Communio
663 2480 779 2530 spiritualis
792 2493 838 2520 cum
854 2483 913 2521 Chri-

102 2548 134 2581 sto
146 2548 299 2594 praeparatque
312 2543 400 2581 animam
413 2542 438 2581 ad
451 2541 620 2581 Oommunionem
632 2544 808 2581 sacramentalem
820 2556 859 2583 nec
874 2558 914 2583 non

103 2626 300 2635 ———-..-—-—¹

126 2678 142 2715 ¹)
152 2676 173 2710 S.
183 2677 295 2721 Hieronym.
305 2676 348 2711 libr.
359 2679 375 2711 l.
386 2676 483 2711 adversus
496 2676 593 2712 Jovinian.
603 2677 667 2721 Epist.
681 2679 710 2711 30.
724 2676 771 2711 alias
781 2679 811 2711 50.
821 2677 844 2711 ad
857 2677 914 2711 Pam·

151 2727 213 2760 mach.
224 2747 247 2753 -
257 2728 277 2761 S.
287 2727 333 2762 lsid.
343 2727 399 2771 Hisp.
409 2727 432 2762 dc
443 2726 479 2761 esf.
489 2727 537 2762 ecel.
546 2726 590 2762 libr.
602 2730 618 2761 Ι.
628 2737 645 2762 c.
657 2729 686 2762 18.
696 2746 720 2751 —
729 2728 750 2761 S.
760 2727 820 2770 Greg.
832 2728 859 2761 M.
870 2727 913 2761 libr.

152 2775 181 2807 12.
196 2777 254 2819 epist.
265 2779 294 2811 31.
302 2796 327 2801 -
337 2777 417 2811 Cassian
432 2777 500 2811 Collat.
510 2779 540 2811 22.
551 2786 567 2811 c.
578 2778 605 2818 i„
615 2779 632 2811 5.
643 2781 663 2810 et
676 2779 693 2811 6.
704 2796 728 2801 -
737 2780 753 2816 ²)
762 2776 848 2810 Philoth.
857 2777 879 2809 P.
888 2776 911 2807 ti.

152 2831 169 2856 c.
180 2825 209 2857 20.
219 2844 244 2850 —
252 2829 268 2867 ³]
279 2827 336 2860 Hom.
346 2828 376 2866 25.
386 2827 404 2861 in
413 2827 449 2860 Ev.
460 2846 484 2851 —-
492 2826 508 2869 Ι)
519 2827 576 2861 Sess.
584 2827 636 2861 Xlll.
645 2836 687 2870 cap.
697 2827 714 2860 8.
724 2845 748 2851 -
758 2827 814 2860 Joan.
822 2826 872 2859 XlV.
883 2825 912 2857 23.

151 2871 210 2914 Apoc.
219 2873 252 2906 ΙΙΙ.
260 2877 292 2920 30.
300 2895 325 2900 —
334 2877 355 2910 S.
365 2877 414 2918 Aug.
425 2877 490 2910 Tract.
500 2878 529 2910 25.
540 2880 560 2910 et
569 2878 598 2910 76.
605 2875 623 2909 in
632 2876 689 2910 Joan.
700 2894 724 2900 —
733 2876 754 2910 S.
761 2876 828 2910 'l'bom
840 2874 912 2907 summ.

152 2919 239 2965 theolog.
249 2922 282 2959 lli.
292 2933 309 2967 q.
320 2926 350 2958 80.
361 2934 378 2958 a.
390 2927 406 2959 l.
416 2925 464 2960 ada.
