2017 3193
881 114 925 158 311

118 239 192 273 contra
203 232 307 270 libidinem
320 232 445 276 adhibuerit,
462 243 539 279 pravae
558 230 704 269 consuetudini
718 230 837 267 reluctatus
852 227 926 272 fuerit,

118 299 184 346 praua
195 291 301 331 ‘desideria
313 301 347 332 aut
359 292 499 345 cogitationes
513 291 602 329 alliserit
614 292 639 329 ad
650 296 739 341 p'et'r'am,
751 292 789 339 pro
802 288 926 339 praeteritis

117 356 243 395 ‘satisfacere
256 356 358 406 eoeperit,
376 353 500 394 occasiones
511 357 550 389 nec
563 352 688 401 quaesierit,
705 365 744 390 nec
760 351 876 390 deliberate
892 350 925 387 d'e-

117 419 252 462 siderauerit,
269 418 309 455 imo
324 414 485 468 praeparaverit
500 413 588 450 animam
607 425 665 450 suam
684 414 758 452 eontr‘a
777 412 925 456 tentationem,

117 481 178 520 facile
190 481 211 518 in
222 477 262 518 islo
274 484 351 530 prauus
362 477 446 516 habitli's
459 475 580 513 destructus
591 474 739 523 praesumitur.

192 545 217 581 At
234 542 252 580 si
266 542 374 593 poenitens
392 541 432 576 illm
452 537 560 574 absolutus
576 547 588 573 a
606 536 736 574 confessario
749 536 811 574 alium
821 537 860 587 pro
873 536 925 574 obti-

116 605 183 644 nendo
195 604 323 644 absolutione
335 602 394 641 illico
405 601 459 650 post
470 599 624 649 eottsesaiouec
635 598 702 642 adeat,
716 597 785 635 audiat
796 598 864 647 ipsum
876 610 924 636 eon-

117 668 230 713 fessarius,
249 672 290 711 ast,
307 664 348 702 nisi
362 661 494 711 justissimas
513 660 537 697 de
555 658 622 707 priori
641 659 773 698 confessario
786 660 925 708 conquerendi

116 729 208 766 rationes
226 728 313 771 lrabeat,
330 721 464 773 praescripta
483 727 504 757 et
518 719 598 771 'agendi
616 721 718 772 rationem
734 719 811 769 prioris
823 720 925 764 retineat,

116 802 154 829 neo
173 774 284 832 nisitum,
303 785 336 824 ubi
353 795 398 821 eum
414 782 472 830 justo
485 782 557 819 durius
569 781 661 819 habitum
673 781 740 819 fuisse
752 780 924 830 deprehenderit,

117 857 215 889 excusato
230 847 307 900 priori,
326 845 426 883 absolvat.
445 842 470 881 si
487 855 538 881 vero
557 841 632 894 ellipse
646 846 743 894 tenzpore
760 854 798 891 pro
814 842 925 880 obtinenda

117 912 246 960 absolutione
258 907 367 958 poenitens
379 904 436 942 venit
443 915 449 949 ς’
467 915 520 955 quae
535 903 576 952 ipsi
591 917 602 941 a
613 904 680 954 priori
691 903 789 953 imposita
801 903 871 948 fuere,
889 916 923 941 ex·

115 974 192 1022 ploret,
210 978 230 1010 et
248 970 304 1007 facta
315 966 449 1016 inquisitione
462 972 482 1003 et
496 977 560 1004 eausa
573 965 668 1017 cognita,
689 965 723 1002 ubi
736 977 781 1002 eum
794 964 923 1002 emendatum

114 1033 227 1076 invenerit,
246 1029 350 1073 absolvat3
367 1039 406 1066 nec
418 1033 486 1065 tamen
499 1027 582 1065 facilem
594 1028 617 1064 ee
628 1027 739 1076 praebeat,
757 1026 794 1063 sed
804 1025 873 1076 potius
886 1025 923 1063 dif-

115 1094 235 1135 ficiliorem,
253 1090 272 1126 si
287 1089 366 1138 justam
378 1092 473 1132 calisam,
492 1100 529 1126 eur
544 1087 606 1125 alium
620 1088 695 1125 adierit
707 1087 871 1132 confessarium,
883 1098 922 1124 non

115 1155 217 1203 detegat..

257 1269 335 1322 llodus
350 1268 432 1339 agendi
447 1268 469 1334 in
484 1268 626 1321 absolutione
640 1277 780 1338 deneganda.

187 1394 205 1448 ξ.
218 1391 269 1434 211.
289 1393 358 1432 Simili
375 1394 434 1431 modo
452 1393 606 1442 procedendum
625 1406 670 1431 eum
688 1394 820 1443 poenitente,
838 1394 871 1431 cui
885 1406 920 1431 ne-

113 1457 182 1508 ganda
194 1463 235 1502 est,
255 1468 278 1494 ae
292 1468 337 1494 eum
349 1456 396 1500 illo,
414 1454 447 1492 cui
459 1454 521 1492 dilata
533 1454 573 1491 fuit
584 1455 693 1493 absolutio.
703 1454 818 1505 'Nusquam
829 1456 859 1493 ita
871 1455 921 1503 abji-

113 1518 154 1556 ciat
165 1518 316 1567 poenitentem,
328 1523 351 1554 ut
363 1528 408 1554 eum
421 1516 476 1553 omni
486 1515 524 1564 'spe
537 1514 658 1553 destitutum
671 1529 682 1554 a
694 1528 717 1553 se
729 1516 825 1561 dimittat,
838 1523 873 1554 aut
885 1528 921 1553 nu·

112 1579 143 1616 dis
156 1586 176 1616 et
188 1578 331 1628 asperioribus
342 1577 414 1615 verbis
427 1577 557 1614 absolutione
569 1576 677 1628 indignum
689 1574 793 1623 declaret',
810 1590 836 1615 ne
848 1577 921 1626 despe-

111 1652 161 1676 rans
172 1645 272 1689 peccator
283 1639 304 1675 in
315 1639 375 1688 pejus
387 1643 444 1683 ruat,
462 1638 564 1687 planeque
582 1638 737 1676 'confessionem
755 1639 853 1688 deinceps
871 1638 921 1686 reji-

112 1701 164 1746 ciat,
182 1707 203 1738 et
217 1713 243 1738 ne
258 1700 304 1749 ipse
319 1699 463 1737 confessarius
476 1700 547 1736 amaro
561 1699 605 1736 zelo
619 1699 797 1737 circumveniatur
810 1713 821 1737 a
833 1705 907 1737 satana
915 1716 921 1744 g.

111 1769 151 1799 non
170 1762 223 1799 eninr
237 1761 339 1811 ignorare
355 1760 416 1798 debet
432 1759 571 1810 cogitationes
584 1759 636 1808 ejus,
655 1761 836 1798 Circumvenimur
849 1761 873 1797 ab
886 1772 920 1804 eo,

112 1822 130 1859 si
148 1835 186 1872 per
204 1821 289 1860 nimiam
307 1821 414 1859 tristitiam
432 1811 519 1870 pereat,
538 1821 571 1870 qui
582 1827 652 1870 potest
663 1822 750 1859 liberari
761 1834 799 1872 per
811 1821 920 1872 indulgen·

111 1882 197 1930 tiam¹].
222 1883 301 1920 Verum
319 1882 452 1926 fortissimis,
478 1882 551 1931 quibus
569 1883 657 1931 poterit,
677 1883 748 1920 uerbis
768 1883 919 1920 obstinatorum

110 1945 247 1993 pertinaciam
259 1944 345 1981 vincere
358 1950 378 1981 et
388 1943 497 1980 induratos
510 1943 604 1980 emollire
616 1944 695 1981 animos
710 1944 800 1981 tentabit
812 1943 919 1982 confessa-

111 2006 166 2049 rius,
184 2018 239 2043 nunc
256 2005 297 2042 Dei
314 2005 429 2042 bonitatem
446 2004 608 2054 patientiamque
627 2005 785 2050 commendans,
802 2017 857 2043 nnnc
876 2004 920 2052 ejus

65 2094 66 2098 ,
110 2065 235 2103 horrendam
246 2065 370 2110 vindictam,
384 2065 525 2115 suppliciaque
536 2065 679 2114 impoenitenti
693 2072 713 2103 et
725 2066 776 2103 duro
790 2065 848 2104 cordi
858 2077 919 2114 prae-

110 2132 184 2175 parata
196 2127 220 2164 ob
233 2127 304 2163 oculos
316 2138 406 2175 ponens,
419 2138 473 2164 nune
485 2126 559 2164 mortis
571 2126 674 2164 incertam
686 2127 766 2171 horam,
775 2126 849 2174 judicii
860 2126 918 2176 rigo-

110 2199 154 2224 rem
173 2194 193 2225 et
212 2193 309 2225 aeternas
327 2187 447 2237 inferorum
455 2199 533 2235 poenas
546 2188 571 2224 ad
582 2188 651 2225 vivum
663 2188 767 2226 referens.
786 2187 827 2225 Sed
839 2198 918 2224 memor

110 2247 266 2291 verbiDomini,
275 2247 328 2296 quod
336 2247 375 2285 hoc
382 2259 450 2297 genus
458 2248 478 2284 in
487 2249 542 2285 nullo
549 2254 620 2297 potest
632 2249 697 2293 exire,
709 2248 750 2284 nisi
761 2248 781 2284 in
794 2247 889 2284 oratioue
898 2254 918 2284 et

106 2308 193 2359 jejunio,
204 2320 245 2346 non
257 2314 329 2345 cesset
340 2308 461 2345 memoriam
472 2308 598 2356 poenitentis
610 2309 681 2347 facere
692 2309 712 2345 in
725 2307 855 2346 orationibus
867 2308 919 2352 suis,

111 2375 131 2406 et
141 2369 274 2418 poenitentiis
282 2368 335 2406 iram
343 2370 383 2406 Dei
390 2369 486 2413 flectere,
494 2376 516 2406 ut
522 2369 608 2418 impleat
616 2382 696 2407 omnem
703 2370 831 2407 voluntatem
839 2370 918 2408 bonita-

111 2430 137 2466 tis
145 2430 165 2467 in
173 2431 340 2480 istopeccatore.
355 2429 456 2478 Quoniam
464 2436 533 2468 tamen
542 2430 652 2480 denegatio
663 2437 710 2468 tunc
722 2431 791 2468 locum
803 2431 872 2475 babet,
886 2431 918 2468 ubi

110 2490 172 2540 signa
184 2491 316 2540 pervicaciae
327 2491 418 2529 invictae
431 2491 542 2540 adparent,
559 2491 674 2540 poenitenti
686 2504 712 2529 ex
724 2492 858 2542 gravioribus
871 2505 918 2540 pee-

110 2551 163 2587 catis
175 2552 258 2597 reduci,
276 2553 323 2590 dum
336 2552 480 2591 confessarius
492 2552 578 2590 daturus
595 2559 627 2590 est
640 2553 802 2598 absolutionem,
819 2553 917 2602 praemit·

109 2615 141 2646 tat
150 2611 227 2651 iterum
239 2615 303 2651 multa
315 2626 361 2652 cum
374 2613 466 2663 Spiritus
477 2615 575 2652 unctione
588 2620 608 2654 et
620 2616 715 2666 energia,
728 2626 780 2663 quae
791 2614 811 2651 in
822 2615 857 2651 illo
871 2627 918 2652 eon·

110 2670 215 2710 tuitionem
234 2675 362 2713 resuscitent
381 2681 401 2713 et
419 2682 527 2713 renovent.
546 2698 576 2703 —-
595 2674 697 2714 Ostendat
715 2676 746 2713 illi
757 2676 917 2718 necessitatem,

110 2741 169 2778 quam
181 2732 243 2771 habet
253 2735 322 2773 Deum
334 2737 445 2786 precandi,
462 2749 487 2773 ne
499 2748 588 2787 unquam
602 2737 683 2786 abipso
696 2736 797 2785 Spiritum
810 2748 868 2773 sunm
882 2747 916 2771 au-

109 2790 174 2835 ferat,
193 2799 212 2830 et
224 2806 249 2830 ne
260 2795 317 2833 illum
330 2797 427 2846 projiciat
439 2811 450 2835 a
462 2798 515 2836 facie
528 2810 571 2834 sua.
590 2820 619 2825 —-
635 2798 727 2847 Inspiret
741 2797 771 2834 illi
786 2797 842 2847 grati
854 2794 917 2832 animi

142 2881 202 2886 ........
203 2883 298 2891 νῆ,

133 2922 149 2968 1)
158 2923 213 2957 Amb.
223 2925 266 2958 libr.
277 2928 293 2958 l.
303 2927 326 2960 de
335 2928 410 2961 Poenit.
422 2938 438 2961 c.
448 2928 483 2960 ult.
