2017 3193
861 93 891 138 75

86 216 154 247 antem
168 209 294 258 requiritur,
313 215 335 246 ut
350 216 414 248 totam
425 211 459 247 vel
475 209 519 257 ojus
531 217 621 259 partem,
634 216 732 261 quantuni
746 210 770 247 ad
781 216 890 258 peccatum

86 271 161 309 lethale
176 271 229 308 satis
245 277 288 315 est,
306 271 326 309 iu
340 272 421 310 cineres
433 271 530 321 redigat,
549 272 628 321 qnando
641 272 721 322 quidem
734 271 796 310 etiam
815 272 890 326 ellectu

86 346 124 372 non
138 339 209 372 secuto
218 332 304 383 ⁸janq'am
317 333 438 374 incurritur.
457 335 497 371 Ast
509 333 542 383 qui
555 334 641 371 tentavit
652 333 690 373 hoc
704 335 783 374 criruen
796 340 817 372 et
828 346 891 384 opere

87 398 170 447 explere
184 396 258 446 coepit,
270 408 342 435 verum
353 396 481 448 poenitentia
491 398 561 434 tactus
572 395 648 433 iterum
659 396 758 446 impediit,
782 396 891 448 quominus

86 459 203 497 incendium
216 467 342 509 erumperet,
354 461 407 498 liber
421 466 453 496 est
466 471 477 495 a
489 457 641 495 reservatione.

161 522 217 558 Dum
236 521 321 560 diciums
340 525 363 569 a]
373 524 462 573 privata
474 521 617 569 (totoorttate,
634 519 735 556 immunes
751 528 858 572 apeccato
872 527 892 559 et

87 583 231 620 reservatione
244 584 382 628 declaramus,
401 582 435 632 qui
446 582 466 618 in
478 582 532 619 bello
540 581 598 630 justo
610 580 694 619 hostilia
712 592 802 632 quaeque
821 583 891 635 gladio

88 650 108 681 et
119 644 208 681 ilanrmis
221 645 347 695 disperdunt.
360 644 457 681 Dicimus
471 644 496 689 b]
509 655 538 680 eor
553 645 625 681 aniano
643 641 722 679 saltem
734 642 836 693 ioepltcite
847 658 891 683 ηυ-

87 705 162 750 ecndi3
175 706 208 756 qui
220 707 273 744 enim
285 707 381 744 exitiales
393 704 470 742 herbas
482 704 531 755 igne
544 711 699 748 consumturus,
711 710 772 741 vento
784 705 891 743 adversum

87 774 212 817 exrirgente,
223 768 313 805 vicinam
326 767 406 803 domum
418 766 511 814 perimit,
524 773 547 803 ut
558 779 569 803 a
582 766 642 814 culpa
653 765 706 801 liher
719 777 766 801 csse
777 766 851 814 potuit,
863 767 892 804 sie

87 833 108 864 ct
120 840 131 865 a
142 829 294 866 reservatione.
309 827 376 865 Siarili
387 827 447 864 modo
460 826 494 875 qui
509 840 534 863 cx
546 826 677 878 negligentia
690 825 770 862 doruunr
784 827 893 870 comburit,

86 888 127 926 nisi
137 888 191 926 hunc
203 891 300 926 effectura
311 887 448 936 praeviderit,
459 888 627 925 reservationem
638 899 678 923 non
690 886 787 923 incurrit.
799 887 894 925 Dicimus

87 952 109 996 c]
122 949 208 987 alienae
220 952 259 993 rei,
271 949 353 993 domui,
371 948 488 998 segetibus,
506 948 571 985 silvae
583 954 623 986 ete.
647 946 729 996 Siquis
744 958 831 997 namque
846 960 894 996 pro-

85 1010 152 1060 priam
164 1009 252 1047 ilammis
266 1009 368 1053 absumat,
380 1021 420 1045 non
433 1015 466 1045 est
476 1009 561 1058 proprie
574 1015 595 1046 et
606 1008 681 1046 stricte
693 1008 842 1052 incendiarius,
854 1008 895 1045 nisi

86 1071 167 1110 vicinae
179 1071 251 1108 domus
263 1070 381 1107 incendium
393 1068 464 1106 trahat
476 1081 502 1106 ex
513 1069 597 1107 formali
604 1069 648 1106 sive
656 1068 742 1106 virtuali
749 1068 894 1118 iniquaiuten-

88 1131 142 1169 tione
154 1132 187 1168 vel
200 1131 281 1168 douuun
292 1131 382 1169 vicinam
396 1130 490 1179 periculo
509 1131 598 1169 incendii
617 1136 712 1179 exponat.
730 1129 815 1166 Pariter
833 1130 895 1178 hujus

89 1192 183 1230 oriminis
195 1192 341 1229 reservatione
349 1191 459 1236 detinetur,
473 1192 507 1241 qui
515 1198 594 1229 semoto
602 1191 656 1228 omni
671 1191 750 1228 alienae
761 1191 832 1228 domus
840 1191 895 1240 peri-

89 1254 134 1292 culo
150 1253 230 1291 domum
248 1254 354 1304 propriam
372 1253 462 1290 flammis
482 1253 585 1292 comburit
601 1265 624 1290 eo
641 1252 741 1298 consilio,
762 1257 782 1290 ut
800 1253 895 1292 incendio

88 1322 171 1354 vastata
183 1315 255 1354 doinus
266 1328 303 1366 per
317 1315 348 1354 sic
360 1315 436 1353 dictam
448 1316 629 1355 assecurationem
648 1318 727 1364 (Feuer
736 1315 896 1363 -Assecuranm

88 1378 162 1417 melior
171 1378 318 1429 pulchriorque
330 1384 472 1422 restauretur,
486 1378 533 1428 qnia
545 1378 594 1417 licet
605 1390 645 1416 nort
654 1377 733 1416 alienae
746 1377 815 1415 domui
826 1378 896 1430 ignem

89 1447 109 1478 et
120 1441 201 1479 ruinam
214 1441 316 1486 admovet,
328 1446 397 1478 tamen
409 1440 441 1477 rei
453 1440 540 1485 alienae,
552 1440 650 1479 videlieet
669 1439 768 1478 societati
787 1452 896 1478 assecura-

89 1502 162 1548 tionis,
180 1515 218 1553 per
236 1502 354 1540 incendium
367 1502 441 1539 damna
451 1501 526 1547 infert:
542 1503 574 1539 vcl
593 1502 612 1539 si
630 1502 709 1546 domus,
729 1501 762 1540 eui
779 1501 896 1539 incendium

88 1571 155 1614 parat,
167 1564 253 1614 propria
265 1564 353 1615 quidem,
366 1570 399 1601 ast
411 1563 485 1601 debitis
498 1570 572 1601 onusta
584 1564 619 1607 sit,
632 1576 670 1613 quo
678 1563 721 1608 fiat,
734 1568 756 1601 nt
768 1563 792 1600 ob
804 1563 831 1609 id,
844 1564 896 1613 qnod

88 1625 183 1665 incendio
196 1626 298 1671 diruatur,
307 1626 357 1674 jura
370 1626 457 1663 aliorum
469 1626 579 1664 violentur.

277 1761 303 1800 V.
320 1759 442 1812 Perjurium
458 1759 586 1801 solemniter
603 1759 709 1800 emissum.

158 1870 283 1918 ,Perjirrium
294 1870 334 1909 hoc
345 1872 391 1909 loco
403 1872 529 1924 intelligitur
542 1871 617 1909 falsum
625 1871 780 1919 juramentum,
800 1884 839 1922 quo
852 1872 897 1921 quis

88 1932 214 1981 interposita
226 1932 352 1970 authoritate
364 1932 433 1969 divina
444 1934 477 1970 vel
491 1933 567 1982 aliquid
582 1944 608 1969 ex
620 1944 658 1970 sua
669 1933 807 1982 persuasione
820 1932 897 1970 falsum

89 1998 193 2042 tamquam
204 2005 277 2030 verum
290 1993 368 2030 asserit
379 1994 413 2030 vel
425 1994 500 2043 aliquid
512 1994 622 2042 promittit,
635 1994 682 2042 quin
693 1994 714 2030 in
726 1994 771 2042 ipso
780 1993 896 2041 juramenti

92 2059 140 2090 actu
151 2054 279 2090 voluntatem
290 2052 367 2090 lrabeat
378 2053 429 2091 illud
441 2054 575 2103 exsequendi.

167 2113 194 2150 Ut
216 2120 284 2150 autem
306 2113 345 2151 hoc
370 2114 448 2151 crimen
472 2116 509 2152 suh
535 2115 681 2151 reservatione
704 2114 899 2164 comprehendatur,

91 2173 219 2212 solemmter
237 2174 340 2212 eruissem
359 2175 387 2212 sit
405 2182 493 2225 oportet.
515 2176 563 2213 Jam
582 2175 704 2225 quaeritur,
724 2188 824 2225 quorsum
845 2175 898 2214 haec

91 2236 212 2274 solemnitas
224 2242 311 2285 spectet,
324 2243 394 2274 utrum
406 2250 438 2282 eo,
450 2244 472 2274 ut
482 2237 671 2275 intervenientibus
682 2237 811 2274 solemnibus
822 2237 899 2275 ritihus

90 2298 160 2347 quales
173 2298 241 2334 forent
253 2297 352 2335 candelae
365 2310 475 2343 accensae,
494 2299 564 2350 imago
580 2297 682 2336 crucifixi
695 2311 741 2336 cum
753 2304 811 2336 tactu
827 2300 896 2337 Evan-

89 2359 200 2411 geliorum,
218 2365 339 2398 sanctarum
350 2360 487 2411 reliquiarum
500 2366 539 2398 ele.
553 2361 669 2410 depositum
681 2360 746 2398 fuerit
754 2360 897 2409 jurameutum

90 2422 148 2469 adeo,
160 2429 182 2461 ut
193 2422 310 2461 reservatio
323 2424 385 2462 etiam
397 2430 446 2463 tunc
457 2423 585 2469 incurratur,
598 2423 617 2461 si
629 2435 700 2462 coram
711 2435 803 2473 persona
814 2424 898 2474 privata

92 2485 211 2524 emittatur?
233 2498 257 2523 au
273 2498 323 2525 vero
336 2499 360 2524 eo
376 2493 463 2533 tantum,
479 2493 501 2524 ut
516 2486 627 2535 injudicio
640 2486 753 2525 seeundum
767 2486 862 2525 Ganones
880 2494 900 2526 et

91 2547 162 2599 Leges
175 2549 272 2587 emissum
284 2548 363 2586 fuerit?
374 2549 470 2588 Dicimus
482 2548 583 2594 ultimum,
596 2549 643 2599 quia
651 2561 677 2586 ex
685 2561 723 2586 usu
735 2549 832 2599 loquendi
843 2562 898 2588 coni-

91 2610 699 2660 nmnisolemnitasjuramentijodicium-ecclesiasticum
706 2611 740 2648 vel
747 2611 815 2655 civile,
822 2624 900 2662 —snp

90 2670 154 2716 ponit.
166 2672 224 2710 Unde
233 2672 266 2723 qni
277 2684 316 2709 non
329 2685 341 2709 a
352 2672 447 2724 legitimo
455 2673 527 2721 judice
535 2674 688 2725 interrogatur,
702 2673 742 2711 etsi
752 2673 851 2722 perjurus
863 2674 900 2718 sit,

90 2728 144 2767 liber
156 2741 188 2771 est
201 2747 213 2772 a
224 2733 376 2779 reservatione,
389 2734 436 2784 quia
448 2747 488 2773 non
496 2735 556 2783 jurat
568 2735 642 2773 falsum
651 2735 793 2783 juramentum
803 2736 900 2773 solemni·

91 2795 125 2827 ter
143 2795 254 2834 emissum.
274 2795 389 2844 Sulriaeent
404 2802 473 2834 autem
485 2797 640 2842 reservationi,
653 2796 687 2846 qni
699 2796 812 2847 aequivoce
821 2796 901 2845 jurant,

92 2856 112 2888 et
124 2851 155 2890 sic
163 2853 264 2903 judicem,
277 2863 373 2908 quantum
386 2856 410 2893 de
422 2869 445 2895 se
454 2863 493 2902 est,
505 2858 526 2896 in
535 2871 630 2896 errorem
641 2857 751 2903 inducunt:
765 2859 799 2909 qui
811 2859 842 2896 uti
854 2870 899 2896 cer·

92 2918 134 2950 turn
147 2911 372 2974 asseruntgqnodgsihi
383 2917 466 2955 dubium
478 2925 511 2956 est
518 2934 525 2964 3
538 2926 573 2957 aut
584 2926 607 2957 ut
619 2919 712 2965 dubium,
725 2919 778 2970 quod
790 2919 828 2957 sibi
840 2918 899 2956 indu·
