2056 3193
87 102 103 146 4

88 222 116 258 Et
128 221 211 260 Canone
219 222 262 267 lll.‚
274 232 298 257 ne
310 215 374 255 verba
385 215 421 255 illa
432 215 520 255 Jcannis
533 212 596 254 totius
609 214 757 255 consolationis
770 218 858 256 alienum
871 214 890 255 iu

89 296 173 321 sensum
191 283 311 326 trahantur,
329 285 351 317 ut
366 280 429 317 fiebat
444 278 607 324 saecularive,
622 280 775 328 praecavebat:
795 280 834 321 „Si
846 279 891 332 quis

89 345 179 390 dixerit,
196 345 260 382 rerba
274 342 310 379 illa
324 342 409 379 Domini
421 340 551 379 Salvatoris:
569 341 662 390 Accipite
675 341 776 390 Spiritum
789 349 890 386 sanetum,

88 429 154 435 --
162 419 200 443 non
213 416 259 441 esse
271 403 407 453 intelligenda
419 403 442 440 de
455 407 557 450 potestate
570 402 688 439 remittendi
701 408 722 439 et
732 403 835 441 retinendi
843 416 891 453 pec-

90 473 136 505 cata
149 467 168 503 in
185 466 322 503 Sacramenta
337 463 479 502 Poeniterrtiae
497 462 552 499 sieut
565 463 663 501 Ecclesia
678 461 781 501 catholica
797 465 821 502 ab
833 465 891 502 initio

89 538 170 576 semper
183 526 287 563 intellexit
295 540 300 571 3
319 524 431 563 detorserit
447 529 515 560 autern
531 530 604 561 eontra
616 524 766 561 institutionem
779 525 840 573 hujus
853 525 891 562 Sa-

89 587 189 625 cramenti
201 587 225 623 ad
238 587 382 624 anctoritatem
395 584 528 633 praedicandi
538 585 683 635 Evangelinm,
697 584 805 623 anathema
817 586 863 623 sits*

86 670 207 702 Potestatem
217 669 287 711 ligandi
296 673 315 701 et
324 667 412 700 solvendi
422 666 511 699 Christus
518 666 558 706 jam
568 670 623 700 antea
632 668 699 707 Petro,
710 672 730 700 et
739 668 826 700 erunibus
836 678 890 711 prae-

110 720 165 749 sente
175 717 235 749 Petro
244 715 343 759 Apostolis
353 714 450 756 promisit:
460 715 531 755 „Amen
542 715 584 747 dico
593 715 655 754 vobis,
666 725 790 757 quaecunque
800 716 891 758 alligave-

111 764 152 796 ritis
163 768 307 808 superterram,
318 767 374 795 erunt
381 763 439 805 ligata
447 766 466 794 et
474 762 491 794 in
499 762 563 795 coelo:
575 766 594 795 et
599 763 891 807 quaecunquesolveritissnper

110 816 189 853 terram,
200 816 256 846 erunt
265 811 330 844 seluta
339 814 359 844 et
367 812 384 844 in
395 811 489 850 ccelo“1J.
501 810 570 844 claves
580 815 696 853 potestatem
705 811 810 854 designant.
821 812 891 845 Claves

111 862 176 904 itaque
185 862 246 904 Regni
259 859 357 893 scelernm
371 863 487 902 potestatem
501 859 609 901 significant
621 860 747 902 spiritualem,
761 879 784 884 —
797 861 891 903 imprimis

111 920 159 952 eam,
170 920 206 954 qua
215 919 293 954 regnum
304 909 402 944 coelorum
412 908 443 943 vel
452 910 539 952 ‹iper-itur,
547 908 681 949 calamitatum,
690 912 780 953 (namque
787 909 890 954 aperiendo

112 962 192 995 maxime
205 965 261 1005 atque
275 960 379 994 claudendo
393 959 459 993 claves
471 959 569 1001 serviunt)
579 978 603 984 a
613 969 635 993 ac
644 960 724 1004 proinde
733 963 851 1004 potestatem
860 970 891 994 re·

110 1012 195 1045 mittendi
205 1012 235 1044 vel
245 1010 338 1045 retinendi
348 1013 434 1054 peccata.
448 1010 526 1051 „Nonne
534 1013 580 1043 sunt
588 1010 638 1044 istae
647 1010 665 1043 111
674 1011 763 1044 Ecclesia
773 1011 849 1052 claves,
859 1009 891 1044 ubi

111 1066 190 1104 peccata
203 1061 288 1103 quotidie
303 1058 468 1099 diruittuntnr·?“²)
488 1059 529 1101 Quo
543 1069 580 1093 non
593 1069 696 1103 negamus,
710 1060 742 1092 illa
755 1059 816 1093 verba
829 1061 891 1093 adhuc

111 1114 178 1152 patere
187 1110 245 1142 latius
256 1113 276 1142 et
286 1110 309 1142 ad
318 1109 402 1151 regimen
412 1108 514 1141 Ecclesiae
523 1109 634 1141 universum
643 1109 750 1151 pertinere,
764 1110 806 1141 sire
816 1119 852 1142 non
860 1109 891 1151 ju·

111 1159 242 1191 risdicticnenr
257 1158 319 1191 solum
334 1158 395 1200 quoad
408 1157 487 1197 interna,
502 1157 537 1189 sed
551 1158 608 1189 etiam
622 1158 684 1200 quoad
699 1162 777 1190 externa
789 1157 891 1202 (quatenus

111 1207 160 1239 haec
169 1208 268 1248 posterior
278 1207 384 1247 spiritualis
395 1210 426 1238 est
434 1204 522 1248 naturae)
532 1205 632 1238 vocabulis
642 1206 680 1238 illis
691 1206 784 1238 denotari.

137 1255 171 1296 Qui
180 1254 242 1287 verba
253 1254 323 1287 Christi
333 1255 388 1286 ioan.
402 1263 443 1295 cap.
453 1254 496 1286 XX.
510 1254 532 1285 ad
545 1262 624 1286 sensum
633 1255 757 1297 improprium
768 1254 890 1297 detorquent,

111 1303 192 1335 maxime
202 1306 275 1336 errant.
289 1302 371 1335 Sensum
382 1301 431 1334 enim
441 1302 539 1343 proprium
549 1306 569 1335 et
576 1302 672 1334 literalem
683 1303 769 1345 exigunt:
781 1305 799 1342 a]
809 1303 890 1335 Herme-

111 1351 239 1383 centimeter
248 1351 316 1392 prima,
327 1360 350 1383 ex
360 1360 402 1392 (pra,
412 1350 453 1382 sine
462 1349 581 1382 necessitate
591 1359 601 1382 a
611 1359 670 1382 sensu
679 1350 749 1383 literali
759 1351 851 1384 recedere
858 1360 890 1383 ne·

110 1399 139 1430 sas
154 1403 191 1431 est.
209 1398 229 1438 h]
241 1399 401 1431 Circunrstautiac
415 1416 437 1420 -—
450 1398 571 1430 resurrectio
580 1407 648 1439 nempe
659 1402 678 1430 et
687 1397 799 1438 insutllatio,
809 1417 831 1421 —
842 1409 890 1441 quae

111 1447 169 1479 multo
179 1447 319 1490 augustiorem,
329 1456 385 1488 quam
395 1446 517 1489 improprium
525 1455 603 1479 scnsurrr
610 1455 735 1488 praesumere
740 1445 814 1487 jubent.
825 1446 890 1489 Neque

110 1496 167 1528 etiam
181 1496 226 1527 illud
240 1496 331 1536 mysterio
346 1499 405 1534 caret,
420 1494 470 1537 quod
480 1495 570 1527 Christus
580 1496 636 1526 Jcan.
646 1496 689 1527 XX.
703 1495 794 1538 Spiritum
804 1500 890 1528 sanctum

111 1543 186 1578 dederit
199 1554 234 1588 per
247 1543 405 1585 insufflationenu
419 1544 455 1577 hoc
465 1543 513 1577 eninr
524 1543 604 1585 indicat,
618 1552 661 1577 enm
672 1545 736 1578 datum
746 1554 791 1578 esse
802 1544 825 1577 ad
834 1554 890 1578 nsum

110 1595 220 1628 remittendi
229 1599 318 1637 peccata,
329 1594 360 1638 qui
370 1598 401 1628 est
410 1593 488 1637 proprie
497 1594 582 1637 Spiritus
593 1594 655 1628 sancti
665 1593 757 1636 effectus,
768 1595 890 1638 queruadrno-

111 1645 154 1679 dum
163 1645 247 1689 Spiritus
254 1649 333 1678 sanctus
341 1644 360 1677 in
368 1645 396 1677 dic
404 1645 532 1678 Pentecostes
540 1644 563 1677 ad
570 1644 847 1687 praedicandumEvangeliurn
854 1644 889 1677 snb

110 1695 175 1738 specie
184 1694 291 1737 linguarum
302 1695 358 1727 datus
369 1697 405 1727 est.
420 1696 438 1734 e)
448 1694 497 1726 Delu
507 1694 584 1736 energia
592 1694 687 1736 loquentis
695 1694 764 1726 snrnrni
771 1693 890 1737 legislatoris

109 1744 215 1786 Apostolos
225 1743 355 1783 itamittentis,
365 1743 392 1775 uti
400 1743 472 1775 missus
478 1743 520 1786 ipse
528 1744 602 1775 aPatre
608 1743 680 1784 inerat3
690 1743 709 1775 hi
716 1744 780 1785 itaque
786 1752 890 1783 memores,

111 1791 207 1825 Christum
217 1801 264 1825 vere
273 1796 354 1834 peecata
359 1791 467 1831 remisisse,
476 1795 647 1833 nonpcterantncn
654 1792 746 1834 cogitare,
755 1800 797 1824 cnm
804 1791 889 1824 eaverba

110 1841 208 1879 audirent,
218 1849 266 1873 vera
275 1841 429 1873 dimittendorum
439 1844 563 1882 peccatorum
573 1844 671 1882 potestate
680 1850 690 1872 a
702 1841 779 1873 Christo
788 1850 810 1873 se
821 1841 890 1873 ornari.

133 1889 187 1922 Haec
197 1893 260 1922 autern
269 1889 359 1921 remissio
369 1892 501 1931 peccatorum,
511 1898 559 1930 qnae
567 1889 889 1930 perSacramentumPaenitentiae

108 1937 214 1977 confertur,
224 1937 280 1978 longe
291 1936 355 1970 differt
364 1936 386 1968 ab
396 1936 434 1976 illa,
445 1945 492 1977 qnae
502 1936 519 1967 irr
528 1936 647 1978 Baptismate
658 1936 737 1969 obtinet.
755 1937 849 1969 Potestas
858 1946 889 1969 re·

109 1985 194 2017 mittendi
212 1989 293 2026 peccata
308 1994 344 2026 per
356 1983 496 2016 Poenitentiam
514 1984 621 2016 exercenda
634 1984 686 2016 venit
702 1985 720 2017 in
732 1979 822 2017 Ecclesia
839 1985 888 2017 etin
903 2016 905 2018 .

109 2032 194 2065 membra
203 2033 304 2065 Ecclesiae
309 2043 314 2073 ς
328 2036 403 2064 atvero
413 2031 498 2064 nrembra
507 2032 609 2064 Ecclesiae
619 2041 654 2063 non
665 2036 716 2071 snut,
726 2033 762 2064 nisi
772 2032 802 2074 qui
812 2032 889 2075 Baptis-

109 2090 159 2114 munt
169 2081 208 2122 jam
222 2084 345 2124 acceperunt.
365 2081 442 2113 Pariter·
451 2084 539 2123 potestas
549 2079 616 2113 verbis
627 2080 698 2113 Christi
708 2081 756 2123 apud
766 2081 785 2113 S.
796 2082 888 2113 ioannem

109 2129 121 2161 l.
132 2139 148 2163 c.
160 2130 240 2169 collata,
255 2134 358 2163 exercetur
369 2138 403 2171 per
413 2130 593 2167 achonjruiiciulern:
606 2138 665 2162 secus
675 2130 693 2161 in
701 2129 828 2172 Baptismate,
839 2130 889 2173 quod

110 2178 196 2213 omnibns
210 2179 242 2223 qui
255 2179 331 2212 sincere
342 2177 469 2211 Christianam
481 2177 593 2220 religionem
608 2177 697 2221 arripienti
711 2179 795 2222 cupiunt,
810 2178 889 2211 admini-

110 2229 167 2262 strari
177 2229 259 2271 debeti).
275 2228 417 2262 SanetiPatres
427 2228 609 2270 reconciliationem,
620 2237 668 2272 quae
676 2228 697 2261 iit
703 2228 888 2271 perPoenitentianr,

111 2283 175 2323 aperte
190 2280 310 2323 distinguunt
323 2278 449 2322 aBaptisnro.
469 2278 498 2311 Ita
509 2279 529 2312 S.
539 2279 658 2322 Augustinus
669 2279 691 2312 de
701 2279 799 2312 homicidii
808 2283 888 2321 peccato

111 2329 139 2361 sic
151 2328 217 2362 habet:
232 2330 265 2371 „Si
278 2338 288 2361 a
302 2329 444 2362 Catechunreno
456 2328 527 2361 factum
537 2333 576 2369 est,
589 2329 708 2371 Baptisrnate
718 2328 810 2369 abluitur,·
824 2329 868 2361 etsi
878 2339 889 2361 a

110 2376 218 2420 baptizato,
231 2378 351 2412 Poenitentia
361 2382 381 2411 et
390 2376 544 2411 reconciliatione
555 2377 673 2419 sanaturee).
691 2378 780 2410 Sentiunt
788 2378 825 2411 hoc
835 2378 889 2411 multi

112 2427 263 2468 exadversariis,
269 2428 367 2471 etquidem
373 2427 687 2469 accuratiorisnotaeinterpretcs.
697 2427 760 2469 Quare
767 2429 888 2469 contendunt,

111 2484 153 2507 earn
162 2480 278 2517 potestatem
288 2476 336 2509 solis
343 2476 444 2518 Apostolis
454 2475 515 2508 inisse
525 2485 645 2515 concessam,
656 2480 726 2509 etcum
736 2476 759 2508 iis
770 2476 888 2519 exspirasse.

111 2523 151 2556 Sed
160 2524 177 2555 in
187 2525 223 2557 hoc
233 2525 293 2558 denno
303 2529 369 2558 errant
373 2535 378 2566 3
388 2534 431 2556 nam
440 2525 488 2557 haec
497 2528 585 2567 potestas
596 2525 640 2557 data
649 2529 680 2557 est
688 2524 742 2558 velut
751 2534 836 2558 connexa
846 2534 887 2558 cum

110 2572 206 2605 Ecclesia.
223 2573 274 2615 Ergo
289 2574 340 2607 sicut
351 2573 442 2606 Ecclesia
455 2583 517 2616 usque
530 2574 553 2606 ad
566 2575 747 2607 consummationem
762 2574 834 2607 saeculi
847 2583 891 2617 per·

111 2620 203 2653 duratura
212 2624 250 2660 est,
260 2622 285 2653 ita
295 2627 314 2655 et
322 2622 354 2654 illa
364 2626 452 2664 potestas
462 2623 568 2663 perdurare
578 2622 641 2655 debet.
652 2623 703 2654 Unde
714 2627 734 2655 et
743 2622 838 2661 videmus,
849 2631 891 2654 eam

110 2668 127 2700 in
137 2668 225 2700 Ecclesia
237 2669 293 2700 etiarn
302 2673 347 2711 post
356 2679 425 2702 aevum
430 2670 568 2710 Apostolorum
578 2678 639 2711 usque
645 2671 668 2702 ad
673 2673 891 2711 nostratemporasenr-

109 2725 145 2758 per
154 2716 215 2748 fuisse
224 2716 305 2758 agnitam
313 2721 369 2759 atque
378 2717 490 2756 exercitam,
500 2721 519 2749 et
527 2718 584 2749 etiarn
592 2726 640 2750 nunc
649 2719 728 2759 agnosci
736 2721 755 2750 et
763 2717 859 2750 exerceri.
867 2736 891 2740 —

111 2815 125 2852 ί)
134 2812 259 2846 Matium
265 2814 293 2845 19.
300 2812 369 2846 XVlll.
377 2815 405 2847 18.
413 2832 436 2837 —-
446 2816 461 2855 ²)
472 2814 492 2847 S.
498 2814 546 2855 Aug.
552 2822 609 2846 serm.
620 2815 653 2847 rie
660 2815 699 2847 Cir.
706 2813 726 2845 S.
732 2813 815 2846 Hilar.in
821 2814 889 2849 Matth.

135 2871 204 2895 comm.
215 2869 231 2894 c.
244 2863 280 2905 1⁸7
290 2861 310 2894 S.
319 2861 386 2904 Chrys.
398 2863 420 2895 de
429 2863 510 2896 Sacerd.
519 2861 562 2895 libr.
571 2864 588 2894 3.
595 2873 611 2896 c.
620 2864 638 2895 h.
647 2881 664 2886 -
680 2865 696 2903 ³)
707 2862 764 2895 Conc.
773 2863 825 2895 Trid.
834 2864 890 2897 Sess.

134 2912 184 2947 XIV.
195 2921 237 2956 cap.
248 2913 265 2946 2.
276 2920 317 2946 can.
326 2913 344 2946 2.
356 2929 380 2937 -
397 2915 412 2954 ⁴)
422 2912 473 2947 Libr.
484 2915 501 2947 2.
512 2912 536 2946 de
546 2910 663 2947 adulterinis
673 2910 758 2957 conjugis
768 2921 785 2947 c.
796 2915 824 2949 16.
835 2924 851 2948 c.
861 2916 890 2949 17.
