2017 3193
242 295 393 356 lluaesliones
408 297 434 350 de
446 296 580 351 veritatibus
593 299 716 369 religiosis

150 422 168 475 ξ.
187 419 223 462 93,
241 423 272 461 Ad
287 430 362 462 statum
384 423 484 461 moralem
500 428 521 458 et
539 422 694 472 dispositionem
708 426 835 475 poenitentis
855 428 884 465 di-

77 485 218 538 gnoscendam
225 485 335 534 plurimum
347 485 507 528 confertnosse‚
520 483 576 533 quali
587 484 703 535 Religionis
715 487 803 526 scientia
811 495 832 526 et
843 489 884 528 fide

76 547 185 597 poenitens
196 546 279 595 polleat.
297 548 414 585 Praeterea
426 545 451 583 ad
463 544 618 594 suscipiendum
631 545 790 586 Sacramentum
807 550 883 588 Poeni·

77 608 165 653 tentiae,
178 608 230 658 quod
242 608 282 647 SS.
294 608 374 647 Altaris
387 607 548 645 Sacramentum
564 607 712 656 consequitur,
731 608 798 647 debita
810 612 830 648 in
841 613 882 650 Re-

76 670 155 721 ligione
167 669 269 708 catholiea
281 669 369 708 scientia
380 668 502 718 requiritur.
517 668 591 706 „Fides
604 675 636 706 est
647 668 748 707 humanae
760 670 833 708 salutis
845 673 882 711 ini-

77 732 139 777 tium,
151 732 196 769 sine
207 732 242 769 illa
260 743 320 768 nemo
336 730 360 768 ad
375 729 464 768 filiorum
475 729 516 767 Dei
532 730 660 767 consortium
674 737 743 780 potest
761 732 883 780 pervenire,

78 792 124 843 quia
136 792 180 830 sine
191 792 231 831 hae
243 805 281 830 nec
293 792 313 829 in
325 790 364 829 hoc
376 792 447 829 seculo
462 791 569 841 quisquam
578 790 736 840 justificationis
749 794 885 843 consequitur

78 854 181 906 gratiam,
198 854 271 892 necin
290 853 360 890 futturo
377 853 441 890 vitam
456 852 572 902 possidebit
583 853 736 901 aeternam''¹].
755 854 833 903 Quare,
851 856 886 893 ubi

78 916 221 954 confessarius
234 913 339 953 dubitandi
352 926 437 952 eausam
447 913 523 958 babet,
539 926 563 951 an
574 915 683 963 poenitens
695 916 818 953 necessaria
829 917 886 954 Reli-

78 977 147 1029 gionis
158 976 246 1015 scientia
254 982 275 1013 et
286 974 326 1012 lide
338 975 436 1026 gaudeat,
447 988 485 1025 per
496 976 629 1026 interrogata
639 976 761 1028 investiget.
775 976 840 1026 erem
852 979 886 1016 de-

77 1039 155 1077 iectum
171 1038 195 1075 de
209 1037 236 1074 iis
251 1036 357 1086 suspicari
372 1036 432 1082 licet,
450 1036 484 1086 qui
495 1036 559 1074 rudes
571 1043 629 1083 sunt,
648 1038 723 1075 salutis
735 1039 821 1083 incurii,
834 1046 854 1077 ct
866 1040 886 1077 in

78 1098 235 1149 frequentandis
248 1097 383 1136 concionibus
395 1098 535 1149 negligentes.
553 1098 600 1136 Hoc
613 1111 705 1138 examero
720 1112 800 1150 quoque
813 1101 838 1138 ad
850 1113 887 1138 eos

78 1160 238 1208 extendipotest
245 1158 358 1196 mundanos
366 1158 470 1204 homines,
483 1159 517 1209 qui
528 1159 549 1196 in
560 1160 676 1198 tractaudis
688 1162 769 1199 saeculi
779 1162 854 1206 rebus,
867 1169 888 1199 et

78 1220 178 1258 solertiae
191 1226 211 1257 et
223 1220 323 1258 acuminis
335 1220 400 1269 pleni,
412 1220 452 1257 imo
465 1220 499 1270 qui
510 1220 611 1269 mysteria
622 1221 739 1273 Religionis
747 1222 767 1260 in
775 1222 886 1270 juventute

78 1282 156 1326 edocti,
169 1294 195 1318 ex
212 1281 276 1332 longa
293 1281 334 1319 Dei
348 1281 463 1331 salutisque
478 1293 529 1319 suae
542 1282 643 1320 oblivione
657 1294 680 1320 eo
701 1295 766 1333 usque
779 1283 887 1334 aliquando

79 1343 201 1387 deveniunt,
212 1348 236 1380 ut
246 1343 282 1380 vix
293 1342 348 1380 scitu
359 1342 493 1381 necessarias
502 1342 603 1381 veritates
615 1344 729 1394 religiosas
737 1344 794 1383 scire
807 1351 827 1382 et
839 1357 885 1382 cre-

79 1404 128 1442 dere
140 1403 256 1442 videantur.

152 1465 182 1503 Ne
195 1477 245 1503 vero
257 1464 382 1515 poenitentis
404 1464 493 1502 animum
509 1465 616 1511 offendas,
631 1465 661 1504 ita
680 1466 763 1504 nonnisi
781 1467 805 1504 ab
827 1467 887 1505 initio

78 1527 229 1578 interrogabis,
246 1525 305 1576 quasi
318 1526 376 1563 illum
387 1527 514 1564 instructum
526 1532 599 1575 putes,
615 1540 632 1564 e.
646 1540 666 1578 g.
681 1528 752 1577 utiquc
771 1528 824 1573 scis,
841 1528 888 1578 quid

79 1587 137 1626 eirca
148 1587 188 1625 hoc
200 1587 291 1637 illudque
304 1586 430 1625 credendum
442 1587 586 1638 agendumque
598 1588 639 1625 sit?
652 1588 792 1639 Sipoenitens
804 1595 888 1634 annuat,

78 1649 167 1686 ulterius
180 1648 313 1699 explorabis,
326 1660 350 1685 en
363 1649 433 1698 reipsa
444 1648 464 1686 id
476 1648 540 1693 sciat,
553 1655 574 1686 et
585 1648 723 1688 haesitantem
731 1650 828 1699 juvabis,
842 1663 888 1688 eru·

80 1709 164 1761 diesque
176 1710 281 1762 ignarum.
295 1709 371 1747 Cetera
383 1709 429 1748 vide
442 1709 500 1749 Sect.
513 1710 538 1747 ΙΙ.
552 1709 602 1760 Cap.
614 1711 630 1748 I.

333 1827 452 1882 Conclusio
467 1828 633 1898 quaestionum

155 1955 173 2008 ξ.
186 1952 222 1994 94.
235 1955 391 2004 Saepenumero
403 1966 444 1992 non
455 1960 541 2003 praeter
552 1966 598 1991 rem
610 1954 704 2004 quaestio
717 1955 797 1992 moveri
812 1955 891 2004 poterit

79 2017 165 2055 ultima:
177 2028 229 2065 ritem
240 2017 271 2053 sit
281 2014 411 2066 qttithtittm‚
426 2014 567 2069 qrcgdgdbtco
578 2018 826 2066 conscientiam,anget,
836 2019 890 2069 tor·-

71 2080 160 2134 qqqqi?
172 2067 231 2115 llaec
242 2076 383 2127 interrogatio
397 2076 491 2126 pluribus
507 2082 540 2114 cst
551 2067 646 2122 occasio,
665 2083 688 2114 ut
700 2088 751 2127 quae
764 2089 789 2114 ex
801 2067 890 2123 timore,

80 2141 113 2177 vel
125 2138 253 2176 verecundia
267 2138 398 2175 reticuerunt
416 2144 452 2175 aut
462 2138 599 2183 simularunt,
612 2138 694 2176 tandem
706 2138 798 2188 pandant
809 2144 830 2175 et
842 2150 891 2176 eon-

80 2202 189 2245 fiteantur,
200 2199 295 2248 inprimis
308 2199 361 2248 apud
373 2211 419 2244 eos,
432 2211 483 2249 quos
496 2199 640 2237 confessarius
648 2205 757 2237 mansueta
769 2206 789 2236 et
800 2200 891 2250 benigna

81 2261 157 2314 agendi
171 2261 267 2305 ratione,
286 2272 325 2310 qua
342 2260 400 2308 ipsos
415 2266 556 2307 tractaverat,
573 2274 584 2299 a
597 2260 672 2298 timore
684 2261 798 2305 liberatos,
819 2260 844 2298 ad
856 2273 890 2299 ac-

82 2323 209 2363 curatiorem
224 2322 327 2359 malorum
344 2321 509 2359 inveteratorum
525 2333 535 2358 e
550 2322 617 2371 priori
628 2322 671 2359 vita
687 2322 825 2359 detectionem
844 2334 891 2371 per-

81 2392 148 2424 motos
161 2385 226 2423 luisse
238 2382 300 2421 videt.
312 2384 345 2421 Ex
359 2382 395 2429 iis,
413 2382 446 2434 qui
457 2383 487 2421 ita
497 2383 668 2435 interrogantur,
691 2383 726 2420 alii
739 2383 892 2430 conticescunt,

82 2454 103 2486 et
114 2447 164 2485 nihil
176 2446 312 2497 respondent,
328 2444 362 2483 vel
374 2445 421 2495 quia
432 2444 482 2483 nihil
494 2445 584 2491 habent,
601 2446 636 2482 vel
646 2445 725 2495 pudore
739 2452 760 2482 et
771 2446 847 2483 timore
860 2459 893 2483 re-

81 2509 188 2555 tinentur,
201 2508 233 2560 qui
247 2507 277 2546 eis
289 2506 410 2546 adimendus
429 2513 462 2545 est
469 2523 475 2553 ;
488 2507 524 2546 alii
534 2508 662 2559 respondent
672 2507 781 2559 negative,
801 2508 837 2546 scd
856 2509 893 2546 fri-

82 2572 130 2623 gidc
143 2578 164 2609 et
175 2571 282 2622 perplexe,
294 2569 368 2620 quibus
381 2570 496 2608 contestari
503 2569 565 2619 juvat
577 2569 710 2615 desiderium,
722 2582 795 2619 pacem
804 2576 824 2608 et
836 2576 893 2608 tran·

82 2634 205 2682 quillitatcm
214 2633 243 2671 eis
252 2631 389 2682 procurandi:
403 2632 437 2675 alii
444 2632 577 2678 affirmative,
586 2644 637 2682 quos
647 2632 790 2670 confessarius
799 2632 893 2670 console·

82 2699 116 2730 tur
128 2695 222 2746 bonoque
239 2694 305 2733 animo
321 2705 368 2731 esse
380 2693 464 2742 jubeat,
483 2694 536 2744 quod
554 2700 633 2732 tantam
645 2706 669 2732 ac
682 2695 744 2731 talem
757 2693 787 2731 cis
807 2702 894 2732 eonces-

83 2753 136 2791 serit
150 2756 209 2794 Deus
221 2755 323 2808 gratiam,
336 2761 359 2793 ut
380 2767 403 2793 se
421 2755 460 2794 hoc
481 2762 616 2805 peecatorum
628 2755 680 2807 jugo
700 2756 840 2793 excusserint.
856 2755 895 2792 libi

82 2826 133 2851 vero
146 2816 324 2863 animadverterit,
338 2817 391 2867 quod
402 2818 457 2855 mala
468 2830 493 2855 ex
504 2817 612 2855 voluntate
623 2823 711 2868 peccata
721 2817 742 2853 in
751 2816 894 2855 antecedenti-

82 2876 121 2915 bus
134 2876 302 2918 confessionibus
321 2878 456 2925 reticuerint,
478 2878 508 2916 ita
521 2884 545 2916 ut
561 2891 587 2917 ex
606 2879 689 2918 defectu
700 2878 844 2930 integritatis,
860 2877 893 2914 vel

109 3011 124 3050 1)
135 3008 156 3042 s.
165 3007 215 3050 Aug.
225 3008 288 3041 Serui.
299 3011 329 3043 38.
340 3012 363 3044 de
370 3015 429 3054 temp.
