2017 3193
911 135 940 180 65

135 265 175 308 ret,
195 272 242 298 num
255 258 391 310 Sempronius
409 272 486 300 revera
504 264 591 296 mortem
610 260 704 299 subierit.
729 260 770 298 Vel
789 258 858 308 puella
876 258 944 307 aliqua

135 322 199 358 hebes
212 321 264 356 etin
276 321 371 357 doctrina
383 321 498 358 christiana
509 319 570 365 plane
582 319 639 353 rudis
652 319 691 354 sibi
703 322 800 356 abortum
812 318 878 366 prolis
896 329 944 364 pro-

135 379 225 422 curavit,
239 384 259 415 et
271 390 325 416 nunc
336 379 463 430 interrogat,
481 388 505 414 an
517 375 538 412 id
550 375 628 413 factum
640 378 808 425 peccaminosum
820 376 848 415 sit
860 387 899 414 nec
912 387 944 412 nc.

135 439 195 482 Haec
206 447 301 494 peccata,
314 449 359 483 utut
371 443 391 484 in
405 456 428 483 se
441 445 503 493 [puta
514 437 646 479 homicidium
658 440 805 488 voluntarium,
821 440 945 494 procuratio

137 506 235 551 abortus]
248 508 388 544 reservationi
400 506 495 552 subjecta
507 503 556 546 sint,
568 502 600 538 bis
613 502 633 539 in
647 502 810 540 circumstantiis
823 519 834 541 a
846 515 945 541 reserva-

136 565 192 599 tione
205 565 267 600 eximi
278 577 340 612 posse
351 563 486 601 videnturob
499 562 603 597 defectum
616 561 748 596 certitudinis
760 561 811 596 facti
823 568 843 597 et
850 564 913 609 juris.

212 621 264 674 Quid
275 636 340 673 vero,
359 625 378 663 st
393 622 474 662 dubitet
492 620 650 669 confessarius,
670 632 695 661 an
712 626 823 675 peecatum
841 622 878 663 sub
896 624 945 678 lege

138 690 290 728 reservationis
297 690 437 732 contineatur,
445 687 490 725 sive
499 686 639 736 anSuperior,
647 693 765 736 peccatum,
771 687 824 736 quod
830 689 945 736 exponitur,

139 763 214 798 reapse
227 751 266 788 sibi
277 750 438 787 reservaverit?
448 748 599 784 Controversia
611 753 650 790 est,
662 759 701 783 nec
709 748 771 784 facile
777 747 860 784 definiri
870 754 946 794 potest,

139 814 187 844 utra
198 809 307 857 disciplina
318 808 387 856 potior
400 808 434 851 sit,
447 817 495 843 1111111
507 817 558 855 quae
572 805 657 842 dubiunt'
667 805 724 843 circa
736 805 903 843 reservationem
914 816 947 842 re-

140 876 218 918 servat,
228 883 252 911 au
265 882 316 923 quae
324 868 402 910 nravult
410 882 449 910 non
461 881 582 916 reservare,
595 881 641 909 cunr
653 867 673 908 id
683 882 841 921 apersonarum
850 875 870 909 61
877 877 948 909 rerum

141 934 304 973 circumstantiis
313 934 433 983 dependeat.
447 933 582 970 Generaliter
590 933 691 982 loquendo
699 933 720 969 in
728 932 846 981 hujusmodi
857 932 948 983 negotiis

141 995 244 1032 mitiorem
255 1000 347 1040 partem,
367 1005 406 1041 qua
418 994 481 1028 multo
493 992 607 1028 minoribus
620 993 729 1028 abnoxiam
740 993 877 1028 incommodis
888 1003 949 1039 prae·

140 1052 234 1096 tulerim:
254 1062 300 1088 cum
319 1052 373 1088 6111111
384 1051 503 1088 reservatio
519 1049 547 1087 sit
565 1049 650 1097 odiosa,
663 1049 738 1090 stricte
751 1056 784 1090 est
797 1050 918 1104 accipienda
930 1056 950 1089 et

140 1115 291 1169 restringenda
303 1115 328 1155 ad
341 1129 402 1156 casus
415 1123 494 1162 certos,
512 1128 553 1154 non
565 1115 644 1155 dubios¹
664 1117 696 1156 Ad
714 1117 781 1155 minus
801 1115 950 1155 consulendum

141 1186 175 1215 est
191 1179 359 1227 poenitentibus,
378 1191 403 1216 ne
419 1180 443 1215 ob
462 1178 523 1215 dubia
534 1184 654 1215 tractentur
671 1179 771 1226 perinde,
791 1191 814 1215 ae
833 1184 891 1215 eerto
910 1177 948 1216 rei.

141 1241 193 1273 Fors
206 1238 388 1285 distinguendum,
407 1244 477 1273 utrum
495 1237 639 1272 confessarius
656 1237 702 1272 ideo
715 1238 807 1279 dubitet,
827 1237 874 1284 quia
884 1237 950 1271 verba

141 1296 294 1336 reservationis
305 1296 381 1346 nescit,
394 1309 418 1337 an
430 1309 489 1345 vero,
502 1296 549 1351 quia
562 1296 660 1352 ambigua
676 1303 738 1346 srmt,
757 1303 778 1338 et
795 1296 866 1338 varias
883 1296 949 1338 inter·

142 1363 270 1413 pretationes
286 1363 402 1401 admittunt.
419 1363 442 1400 In
460 1363 526 1413 primo
543 1375 593 1401 casu
611 1363 670 1412 prius
688 1363 780 1413 inquirat
791 1364 813 1401 in
827 1364 909 1413 lcgem;
928 1363 949 1399 in

142 1424 234 1461 secundo
246 1430 317 1460 utatur
331 1424 381 1470 jure
393 1436 437 1460 suo.
451 1423 549 1459 Ceterum
562 1424 627 1471 quiin
639 1423 679 1460 hoc
691 1423 751 1459 dubio
759 1423 816 1469 juris
829 1422 949 1460 accuratius

143 1482 281 1531 distinguunt,
293 1493 330 1529 pro
342 1483 387 1530 ipso
398 1493 439 1518 usu
450 1486 563 1531 sequentes
575 1481 662 1531 regulas
674 1481 796 1529 subjiciunt:
816 1483 839 1528 a]
853 1481 877 1519 Si
887 1492 948 1531 prae-

144 1542 207 1583 missa
216 1541 275 1594 justa
289 1541 422 1598 indagatione
435 1557 504 1591 casus,
517 1556 577 1596 quem
588 1544 697 1597 poenitens
710 1544 784 1592 adfert,
798 1544 949 1597 6010001011·-

143 1607 187 1646 liora
199 1614 330 1652 reservatus,
342 1609 429 1658 supponi
441 1609 518 1658 nequit,
532 1608 668 1657 Superiorem
682 1609 813 1652 consentire,
832 1615 855 1645 ut
867 1608 949 1645 confes·

144 1669 213 1703 sarius
226 1668 313 1714 simplex
326 1669 350 1703 ab
363 1681 386 1703 eo
406 1669 507 1704 absolvat.
523 1668 547 1712 b]
561 1668 585 1703 Si
596 1680 646 1703 vero
659 1670 777 1704 reservatio
793 1668 887 1703 omnibus
902 1679 949 1713 per-

143 1725 213 1775 pensis
225 1726 297 1763 minus
308 1725 421 1777 probabilis
429 1725 519 1773 videtur,
532 1725 636 1781 Tlreologi
652 1726 732 1779 passim
746 1727 828 1775 dorent,
839 1732 949 1780 peecatum

143 1788 182 1829 hoc
194 1789 253 1828 modo
269 1790 373 1829 incertum
391 1804 431 1829 non
448 1792 563 1830 reservari.
582 1795 605 1840 c)
625 1792 650 1831 st
667 1793 753 1843 denique
773 1793 856 1831 dubium
874 1795 950 1831 stricte

145 1852 188 1890 tale
200 1852 300 1896 occurrit,
312 1854 342 1890 ita
354 1860 419 1902 utpro
432 1861 506 1890 neutra
518 1860 577 1902 parte
589 1855 682 1891 rationes
693 1856 886 1902 praeponderantes
896 1854 949 1891 111111-

145 1917 199 1953 tent:
212 1917 254 1947 tum
267 1911 285 1946 si
297 1913 363 1947 solida
375 1924 424 1957 spes
436 1912 502 1953 adest,
514 1912 564 1947 illud
576 1913 657 1955 mediis,
670 1924 721 1960 quae
734 1918 819 1959 praesto
828 1918 883 1955 sunt,
895 1912 950 1947 vinci

144 1982 216 2023 posse,
234 1983 270 2009 res
284 1977 393 2025 antequam
406 1971 508 2013 absolutio
527 1972 601 2022 detur,
619 1985 657 2027 pro
676 1972 756 2014 viribus
775 1972 913 2022 discutiatur;
932 1971 950 2012 si

144 2048 195 2074 vero
207 2035 290 2074 dubium
301 2037 419 2076 invincibile
432 2038 520 2083 videtur,
533 2038 650 2077 reservatio
659 2038 758 2086 cessar).
772 2038 949 2087 Ceternm‘optan-

146 2098 193 2134 dum
211 2097 279 2140 foret,
298 2103 321 2133 ut
338 2104 428 2134 urentem
447 2111 505 2135 suam
524 2110 548 2134 ea
560 2099 583 2134 de
602 2112 625 2135 re
639 2099 766 2146 Superiores
778 2099 898 2146 aperirent,
911 2110 949 2144 quo

145 2161 204 2191 certo
216 2160 337 2199 constaret,
357 2167 408 2204 qnae
427 2168 498 2194 eorum
513 2157 600 2194 intentio
616 2162 679 2194 esset.
698 2157 790 2194 Dubium
802 2163 885 2202 antem,
903 2156 950 2207 quin

145 2215 185 2257 imo
197 2215 317 2271 ignorantia
325 2220 458 2271 poenitentis
465 2251 473 2271 ,
485 2228 595 2272 peceatum
608 2234 668 2261 suum
681 2235 728 2261 esse
741 2228 887 2267 reservatum,
903 2223 950 2269 [ex-

146 2281 213 2330 ceptis
232 2282 316 2319 casibus
330 2282 448 2321 reservatis
466 2284 490 2321 ob
514 2286 637 2330 censuram)
656 2282 696 2321 non
716 2285 811 2333 impedit,
830 2296 868 2332 quo
884 2282 952 2320 minus

145 2341 291 2377 reservatione
302 2342 434 2387 implicetur,
451 2349 522 2389 utpote
541 2355 588 2378 cunr
599 2343 647 2378 finis
658 2344 812 2378 reservationis
828 2354 911 2388 semper
922 2343 953 2377 lo-

146 2410 192 2437 cum
204 2399 285 2436 lrabeat.
304 2399 356 2436 Nam
368 2400 415 2437 finis
430 2399 582 2438 reservationis
597 2412 637 2439 non
657 2407 689 2440 est
708 2407 802 2449 tautum,
821 2408 843 2442 ut
853 2401 926 2441 fideles
943 2414 954 2440 a

147 2463 213 2514 culpis
225 2462 358 2517 gravioribus
372 2465 533 2512 abstereantur,
551 2466 588 2505 sed
600 2467 662 2506 etiam
673 2474 697 2506 ut
707 2467 811 2517 recipiant
823 2481 835 2506 a
854 2467 954 2517 Superio-

145 2526 204 2564 ribus
216 2527 369 2576 poenitentias‚
385 2529 463 2566 monita
481 2542 505 2567 ac
517 2529 609 2566 remedia
621 2530 784 2579 opportuniora,
802 2541 854 2579 quae
872 2528 955 2566 nonnisi

147 2586 338 2633 aprudentioribus
358 2587 451 2624 adhiberi
470 2594 563 2635 oportet,
580 2590 634 2624 unde
653 2590 715 2625 etiam
729 2589 750 2624 iu
761 2589 909 2636 ignorantibus
921 2599 955 2622 re-

147 2645 288 2682 servationem
299 2656 339 2683 non
352 2652 423 2683 eessat
434 2647 516 2686 0111111110
528 2646 575 2686 finis
587 2647 746 2687 reservationis.

221 2705 247 2759 6)
263 2710 327 2757 Sunt,
345 2710 378 2762 qui
403 2710 428 2750 ad
442 2711 591 2752 incurrendam
602 2714 771 2753 reservationem
789 2714 913 2765 requirunt,
934 2718 956 2751 ut

146 2777 256 2815 peccatum
269 2774 393 2823 aprabcrii.
407 2786 449 2811 ea
467 2787 526 2812 mare
538 2782 586 2823 post
602 2788 677 2813 annum
697 2776 799 2813 decinmm
818 2781 927 2824 quartum,
946 2786 956 2809 a

145 2865 324 2877 Ἃ

174 2908 359 2961 111111011111110111.
370 2915 454 2953 Casuum
464 2925 541 2952 reserv.
555 2915 573 2952 in
584 2917 671 2954 dioecesi
683 2918 799 2955 Briniuensi.
809 2918 866 2954 Edita
880 2927 891 2951 a
903 2916 921 2951 J.
936 2915 958 2951 Α.

198 2961 260 3005 Stapt,
271 2966 324 3000 183u.
794 3014 808 3056 5
