2056 3193
140 81 168 125 62

140 203 249 236 externam
267 198 369 247 politiam,
387 201 449 244 atque
466 197 512 234 ideo
529 210 614 235 casuum
632 200 799 237 reservationem
818 214 857 238 non
872 199 941 249 prohi-

138 256 204 302 bere,
226 257 332 306 quominus
356 255 457 292 sacerdos
476 268 488 293 a
512 256 628 294 reservatis
646 266 698 292 vere
721 258 830 306 absolvat,
858 257 940 298 anathe-

140 329 174 357 ma
185 317 225 358 sit’'
236 315 261 368 ¹).

141 404 158 449 *)
167 406 199 440 No
207 409 234 438 ta.
247 406 346 439 Romanos
355 405 461 440 Pontifices
467 405 507 448 jam
516 409 571 439 sexto
588 405 655 440 seculo
669 406 762 449 quosdam
778 415 845 451 casus,
862 413 884 444 nt
896 409 942 444 dicl-

164 464 217 494 mus,
231 462 267 485 sno
276 452 314 486 sibi
323 453 368 495 jure
381 464 486 489 reservare
496 454 566 487 solitos
579 455 651 496 fuisse,
666 455 821 489 demonstrabit.
834 458 942 501 Gregorius

163 502 197 540 M,
207 510 263 542 quem
271 510 328 534 nemo
337 503 415 544 ignorat
423 502 509 535 abfuisse
518 511 575 544 quam
584 502 667 534 maxime
677 511 687 534 a
696 503 791 535 violandis
799 504 943 547 Episcopornm

160 547 243 587 J'nribns.
252 548 271 579 Is
282 552 364 587 autema)
373 551 467 581 ioannem
476 548 612 580 Larissensem
621 549 766 589 Metropolitam
772 572 778 588 ‚
795 550 812 581 si
821 551 867 592 quid
876 555 943 594 ageret

162 597 237 635 contra,
248 604 304 638 quam
314 606 325 630 a
335 597 385 631 Sede
394 594 505 639 Apostolica
514 595 655 641 praescriptum
665 595 742 640 fuisset,
752 597 866 643 privandum
875 600 944 635 statuit

163 645 297 683 communione
311 657 420 690 sacrorum,
439 656 494 692 qnam
506 656 543 682 non
555 652 692 694 recuperaret,
711 652 792 695 excepto
810 650 877 687 ultimo
891 653 943 688 vitae

163 706 211 731 suae
226 701 325 743 tempore,
342 700 379 733 nisi
397 708 491 733 concessa
503 699 584 733 Romani
593 699 692 733 Pontificis
702 701 815 742 jussionet).
831 701 943 737 Homicidas

163 751 208 781 ante
217 758 278 782 annos
288 749 365 782 circiter
373 751 487 790 nongentos,
497 749 548 791 qnod
557 748 650 782 observat
657 749 789 790 Marteniusil,
806 750 874 783 veniae
883 752 943 794 impe·

162 797 243 829 trandae
254 805 313 830 cansa
322 798 345 829 ad
354 806 440 829 summos
455 796 561 829 Pontifices
573 797 645 829 missos
659 798 721 830 tuisse
735 801 836 837 constatt).
850 798 896 830 (ium
909 809 942 831 an-

163 847 202 875 tem
212 845 334 876 homicidium
343 847 398 875 esset
409 852 432 874 ex
445 852 516 883 genere
529 852 596 875 eornm
608 844 716 882 criminum,
732 853 781 886 quae
797 845 815 875 in
828 843 944 885 quibusdam

162 889 259 922 Ecclesiis
269 890 335 923 veniae
343 890 406 922 locum
414 899 452 922 non
460 889 602 933 relinquebant,
616 890 702 924 sortasse
716 899 759 925 cnm
772 891 821 924 haec
832 889 943 935 disciplinae

164 939 270 974 austeritas
280 938 360 975 emolliri
369 948 391 974 ac
401 938 484 985 mitigari
494 939 565 986 coepit,
575 938 594 976 id
602 939 699 977 retentum
710 946 746 985 est,
756 945 778 978 ut
787 952 855 978 eornm
864 942 943 988 gravio·

164 1001 207 1026 rnrn
224 992 322 1026 criminum
333 992 361 1026 rei
374 992 449 1027 nonnisi
465 1002 475 1026 a
489 993 540 1027 Sede
553 993 667 1037 Apostolica
680 994 757 1028 veniam
772 998 943 1038 consequerentur.

163 1042 212 1075 Nam
221 1052 244 1076 ea
253 1051 330 1085 semper
339 1042 401 1085 ipsius
410 1042 480 1076 lenitas
489 1043 636 1086 benignitasque
645 1043 687 1083 fnit,
696 1046 719 1076 nt
728 1044 795 1084 etiam,
812 1053 855 1077 cnm
867 1043 944 1087 antiqua

163 1090 240 1133 vigeret
249 1090 358 1133 disciplinae
368 1091 477 1131 severitas,
490 1092 533 1134 ipsa
542 1096 607 1124 tamen
613 1091 672 1132 iustis
682 1092 706 1124 de
716 1093 781 1125 causis
796 1092 872 1124 veniam
884 1093 943 1124 inter·

165 1138 208 1170 dum
218 1139 273 1170 daret
281 1138 299 1169 in
309 1138 431 1177 criminibus,
443 1148 492 1179 quae
506 1138 575 1170 alicubi
589 1139 686 1170 ordinaria
694 1139 738 1178 lege
747 1139 779 1170 uni
787 1139 825 1170 Dei
831 1139 903 1177 jndicio
912 1147 943 1170 re-

163 1184 229 1226 linqui,
238 1188 346 1216 nouantem
356 1184 379 1216 ab
388 1185 478 1217 Ecclesia
487 1184 555 1218 dimitti
564 1184 659 1217 solebant.
671 1186 700 1217 lta
710 1184 850 1227 Tertullianus,
865 1188 943 1228 postea-

164 1242 221 1277 quam
230 1232 247 1266 in
254 1233 340 1268 Montani
349 1242 429 1269 errores
438 1233 537 1277 inciderat,
552 1234 676 1281 zephirinum
684 1233 799 1271 Pontificem
809 1234 944 1281 reprehendit,

164 1284 215 1328 quod
223 1285 297 1319 veniam
307 1287 362 1321 daret
371 1286 465 1329 moechis,
475 1286 543 1331 quibus
552 1286 603 1321 illam
614 1287 661 1321 aliae
670 1286 773 1322 Ecclesiae
783 1291 839 1321 antea
849 1288 944 1331 denegare

164 1339 312 1369 consueverant.

409 1454 472 1506 Finis
488 1453 673 1506 reservationem.

212 1581 230 1635 ξ,
242 1578 278 1622 45.
290 1583 451 1622 Reservaticnis
462 1583 509 1621 finis
522 1589 561 1630 est,
573 1589 596 1621 ut
604 1583 705 1633 ejusmodi
715 1584 842 1632 peccatavcl
855 1583 943 1635 gravius

139 1645 257 1693 puniantur,
268 1645 302 1682 vel
313 1645 422 1683 efficacius
434 1645 577 1695 corrigantur.
588 1644 660 1682 Priori
672 1656 722 1682 casu
733 1649 820 1693 peccata
831 1656 943 1682 reservan-

139 1710 173 1741 tur
184 1706 208 1742 ob
221 1718 322 1742 annexam
334 1716 459 1749 censuram3
476 1705 597 1752 posteriori,
616 1706 639 1749 a]
651 1710 674 1740 nt
690 1704 800 1751 poenitens
818 1703 943 1753 magnitudi-

138 1773 185 1799 nem
196 1764 284 1801 sccleris
296 1764 365 1815 magis
377 1764 496 1809 edoceatur,
509 1762 566 1801 etad
578 1763 645 1801 odium
658 1768 679 1800 et
690 1762 850 1801 detestationem
861 1761 944 1812 peccati

139 1823 214 1866 fortius
226 1825 337 1867 excitetur,
348 1824 374 1876 b)
385 1825 413 1867 Ut
424 1825 547 1867 difficultate
559 1823 697 1867 absolutionis
709 1839 746 1878 per
760 1825 896 1878 Superiorem
908 1824 943 1866 ob·

140 1890 248 1937 tincndae,
267 1892 291 1929 ab
305 1891 407 1940 ejusmodi
417 1890 490 1929 naevis
501 1889 646 1929 vehementius
659 1889 799 1928 deterreatur.
818 1890 879 1928 Sicut
891 1889 944 1926 enim

140 1950 229 1989 facilitas
241 1952 361 1989 absolvendi
379 1952 502 1990 facilitatem
513 1951 615 2000 peccandi
626 1950 688 1999 parit,
706 1951 736 1987 ita
748 1963 758 1987 e
772 1950 878 1987 contrario
890 1946 943 1986 diffi-

140 2012 205 2048 cultas
226 2012 247 2048 in
270 2012 380 2048 obtinenda
402 2011 531 2047 absolutione
553 2022 682 2059 magnopere
702 2023 714 2046 a
734 2008 828 2058 pcccatis
850 2014 943 2044 revocat,

140 2071 162 2116 c]
174 2069 201 2108 Ut
212 2071 302 2120 majores
314 2083 380 2109 noxae
392 2069 467 2121 majori
477 2069 553 2122 peritia
564 2075 690 2109 tractentur.
704 2067 762 2119 Quod
775 2068 857 2108 enimin
865 2066 943 2108 morbis

140 2132 230 2185 physicis
241 2135 288 2174 fieri
299 2135 366 2183 solet,
385 2142 408 2174 ut
418 2134 497 2175 morbis
516 2134 660 2174 acerbioribus
678 2134 784 2174 medendis
796 2147 881 2185 operam
896 2133 945 2172 dent

140 2197 215 2235 medici
226 2199 287 2248 longe
300 2198 413 2243 doctiores,
426 2210 477 2247 qnos
489 2198 553 2235 multa
566 2197 695 2246 experientia
707 2197 843 2241 canimendat,
855 2196 876 2233 id
887 2195 942 2244 pari·

141 2263 172 2293 ter
192 2259 300 2302 convenit,
312 2265 335 2296 nt
346 2254 420 2295 fiat'in
432 2257 530 2295 sanandis
548 2258 628 2295 animae
646 2258 738 2301 morbis,
758 2268 844 2305 quorum
863 2254 944 2291 curatio

141 2316 271 2361 cultioribus,
283 2324 303 2353 et
315 2317 444 2367 experientia
456 2316 524 2367 magis
543 2317 665 2354 exercitatis
678 2315 815 2354 confessariis
829 2312 944 2352 committa·

142 2380 182 2415 tur.
199 2399 228 2406 -
242 2377 322 2419 Verum
334 2378 358 2419 ad
369 2379 431 2420 finem
443 2378 595 2420 reservationis
613 2377 759 2428 obtinendum,
778 2376 944 2418 animadverten-

141 2441 188 2480 dum
200 2449 239 2487 est,
257 2445 281 2490 ot]
300 2456 324 2481 ne
337 2457 399 2483 casus
411 2442 517 2482 reservati
528 2444 612 2482 nimium
624 2444 788 2493 multiplicentur
795 2458 801 2489 ;
819 2453 867 2480 nam
879 2439 943 2490 qnoti-

141 2501 223 2540 diannm
238 2500 331 2549 vilescit:
349 2517 387 2553 quo
399 2505 446 2543 fieri
463 2517 503 2543 non
517 2511 599 2553 potest,
618 2505 665 2552 quin
683 2503 731 2541 finis
748 2503 835 2551 majoris
853 2513 907 2550 erga
924 2495 947 2536 id

140 2574 208 2611 genus
229 2569 362 2609 peccatorum
380 2565 420 2602 odii
438 2571 459 2601 et
477 2564 621 2601 detestationis
637 2564 760 2601 excitandae
775 2567 854 2611 pereat.
877 2561 944 2597 Porro

138 2619 164 2670 β)
176 2622 334 2661 reservationes
346 2624 387 2661 sint
398 2624 566 2664 accommodatae
578 2631 620 2663 tum
632 2623 754 2678 indigentiis
766 2630 889 2674 temporum,
902 2625 943 2660 111111

165 2774 180 2811 1)
190 2772 247 2806 Sess.
255 2771 306 2804 XIV.
317 2780 357 2803 can.
366 2774 395 2804 11.
404 2790 428 2796 —
436 2774 452 2811 ¹2)
468 2774 503 2816 Ep.
515 2776 531 2806 7.
541 2774 584 2806 libr.
592 2775 610 2806 3.
621 2773 658 2805 col.
666 2774 708 2817 631.
721 2776 766 2805 tom.
776 2771 800 2803 ΙΙ.
810 2777 853 2811 opp.
866 2769 895 2802 ed.
908 2769 943 2802 Pa-

188 2821 224 2854 ris,
232 2839 256 2845 -
264 2822 278 2855 ³)
289 2818 336 2851 Vide
342 2819 398 2851 etiam
406 2820 552 2854 S.Leonem.ll1.
561 2821 624 2864 Epist.
634 2823 662 2853 12.
671 2821 766 2853 adduast.
774 2816 943 2850 Tttessalonicens.

189 2878 205 2902 c.
217 2872 234 2902 1.
244 2870 264 2900 et
272 2865 338 2899 nlt—
346 2867 362 2906 4)
369 2867 399 2898 De
407 2867 469 2910 Antiq.
479 2868 549 2901 eccles,
559 2868 589 2901 rit.
598 2869 620 2901 Τ.
630 2869 644 2900 Ι.
654 2868 697 2901 libr⁴
708 2870 726 2903 1.
735 2875 752 2901 o.
761 2868 778 2898 6.
789 2868 825 2897 art.
834 2865 898 2907 d.-⁵)
907 2865 943 2899 Ex.

188 2916 232 2952 libr.
241 2919 258 2952 3.
269 2916 293 2951 de
303 2916 360 2952 Gest.
372 2915 435 2950 Sanct.
445 2916 552 2953 Rotouens.
563 2927 578 2953 c.
589 2920 605 2953 1,
615 2927 654 2953 sec.
664 2917 697 2953 tv.
706 2914 806 2953 Benedict.
