2017 3193
877 60 936 134 249*

116 208 230 250 fovemus.’'
243 230 273 235 -
286 207 357 246 „Deus
369 207 437 259 diligit
446 208 509 251 bena,
521 206 566 245 odio
579 213 647 245 autem
659 206 722 245 habet
733 204 795 250 mala,
807 227 837 232 —
848 226 878 232 —
889 217 923 242 re·

115 276 237 311 muneratur
247 268 320 314 bonos
338 281 403 318 poena
421 268 487 307 afficit
501 267 580 305 malos’'
598 274 649 313 etc,
665 267 756 317 quotidie
774 278 813 316 per
825 265 923 316 septima-

116 347 170 378 nam,
181 332 215 368 vel
227 330 316 382 singulis
328 329 400 369 diebus
418 327 526 367 dominicis
544 334 564 364 ct
581 329 663 365 festivis
680 340 745 378 usque
765 328 789 383 ad
807 328 923 378 proximam

116 393 270 433 confessionem
282 391 393 444 diligenter
404 390 530 434 meditetur3
548 400 586 437 quo
598 385 645 433 fiat,
660 395 683 426 ut
697 390 759 428 facile
774 389 831 427 illius
846 400 923 427 memo-

116 455 169 493 riam
180 454 200 491 in
213 465 236 490 se
248 453 332 499 excitet,
344 460 364 491 et
375 455 404 492 ita
410 449 533 490 tentationis
541 455 634 498 tempore
642 449 778 488 confortetur.
791 450 925 490 Hucreferri

115 521 204 567 possunt
215 521 274 553 actus
285 515 385 553 virtutum
396 512 572 563 theologicarum,
584 509 623 547 hec
635 516 703 547 tamen
722 511 828 558 cantione,
845 518 868 550 ut
880 511 923 549 for-

116 578 172 615 mula
183 588 222 614 nun
234 588 270 614 ore
282 582 360 614 tantam
371 574 482 617 recitetur,
495 571 530 608 sed
544 570 589 618 ejus
601 570 666 608 verba
676 571 842 620 perpendantur,
862 579 882 611 et
899 573 923 611 ad

116 638 228 688 specialem
239 636 365 687 poenitentis
383 641 461 672 statum
476 632 617 681 applicentur,
631 644 652 669 v.
665 644 685 682 g.
702 632 723 668 in
736 634 787 669 actu
800 633 852 682 fidei
868 634 923 672 exci-

116 700 185 744 tando,
197 699 221 736 ad
234 698 322 736 aninumr
334 696 355 733 in
367 695 415 739 fide,
430 694 450 731 in
462 692 565 730 veritates
577 692 609 729 vel
622 692 642 729 in
655 704 734 742 genere
752 691 849 730 divinitus
863 706 923 732 reve·

115 761 181 806 latas,
197 759 232 797 vel
242 760 263 796 in
275 757 346 807 specie
362 768 374 793 e
387 754 508 804 poenitente
524 753 654 791 addubitatas
670 752 820 800 roborandum3
838 754 859 791 in
874 758 925 793 actu

68 809 69 812 Ἴ
115 824 168 873 spei,
181 821 204 859 ad
220 819 310 858 animum
325 817 349 855 oh
361 821 449 866 peccata
461 815 573 853 commissa
588 814 671 853 anxium
687 814 829 864 quietandum,
843 815 877 853 vel
894 815 924 852 in·

116 884 168 921 tuitu
180 882 261 920 divinae
273 878 357 930 gratiae
368 898 399 905 -
411 883 431 914 et
442 876 498 914 vitae
511 883 609 914 aeternae
622 876 758 928 erigendum,
773 875 793 913 in
806 879 858 914 caetu
869 878 925 914 elict-

114 946 197 992 ritctie,
211 941 235 980 ad
251 939 340 977 animum
357 938 377 975 in
394 938 436 975 Dei
452 950 544 975 amorem
561 937 729 975 inflammandum
748 943 788 975 etc.
806 959 836 965 -—
852 939 923 987 Aeque

114 1005 166 1043 bene
184 1002 306 1041 consuletur
320 999 447 1049 poenitentis
464 998 615 1044 emendationi,
633 999 652 1036 si
669 1005 791 1043 moneatur,
809 1004 832 1035 ut
844 1005 924 1036 certam

115 1064 223 1116 quamdaru
246 1060 406 1099 admonitionem
429 1060 473 1098 sive
492 1055 672 1104 exhortationem,
695 1072 755 1109 quam
780 1059 925 1106 confessarius

114 1126 174 1164 modo
187 1124 206 1161 ei
220 1122 345 1172 impertivit,
367 1120 457 1172 quotidie
475 1127 511 1159 aut
526 1121 601 1171 saltem
617 1121 722 1159 interdurn
739 1121 759 1158 in
774 1126 865 1158 mentem
882 1121 924 1158 ani·

114 1197 210 1234 mumque
222 1189 316 1228 revocet,
329 1182 415 1233 ejusque
427 1174 519 1220 sedulam
532 1182 676 1220 executionem
687 1183 733 1219 Deo
744 1182 859 1231 promittat.

189 1244 253 1293 Quem
265 1244 285 1282 in
301 1244 362 1281 finem
376 1244 446 1293 juvat,
463 1243 608 1288 monitionem,
628 1255 688 1293 quam
699 1243 814 1293 poenitenti
826 1242 861 1281 dat
876 1255 924 1281 con·

114 1306 226 1351 fcssarius,
242 1305 295 1343 locis
311 1318 385 1343 sacrae
407 1304 532 1354 Scripturae
549 1304 658 1342 intellectu
676 1310 801 1354 retentuque
819 1304 924 1350 facilibus,

113 1363 532 1419 praesertimpericopisEvangeliorum
544 1372 642 1412 necterc;
662 1366 709 1416 quin
724 1365 764 1404 imo
784 1377 822 1416 quo
841 1365 924 1404 facilius

114 1430 192 1468 monita
203 1429 223 1467 in
236 1429 356 1467 memoriam
368 1428 463 1473 redeant,
481 1427 569 1476 objectis
582 1439 662 1479 quoque
673 1427 693 1466 in
705 1439 777 1466 rerum
788 1432 864 1466 natura
875 1427 925 1465 visi·

113 1491 190 1531 bilibus
203 1491 340 1543 conjungere,
352 1497 375 1529 ut
387 1503 398 1528 a
409 1489 527 1529 visibilibus
540 1489 565 1528 ad
576 1489 697 1536 invisibilia,
715 1502 727 1528 a
738 1489 884 1540 corporalibus
901 1489 926 1528 ad

114 1553 232 1605 spiritualia
244 1553 351 1594 ascendat.

433 1633 604 1726 caunum.

187 1798 205 1853 §.
231 1795 280 1839 ill.
301 1798 455 1838 Poenitentium
473 1800 604 1837 excultorum
615 1799 720 1838 nonnullis
739 1799 846 1839 meditatio
862 1812 926 1839 sensu

114 1860 210 1900 strictori
222 1867 301 1907 sumta,
314 1862 338 1899 de
351 1873 390 1911 qua
402 1859 433 1914 ἐξ.
446 1856 544 1900 22-25.
556 1861 681 1899 mentionem
690 1861 734 1910 jam
746 1862 842 1906 fecimus,
857 1862 926 1901 instar

113 1922 176 1962 medii
188 1922 333 1962 conversionis
352 1928 373 1960 et
390 1922 526 1972 perfectionis
544 1923 698 1973 promovendae
714 1923 789 1961 merito
808 1929 829 1961 et
845 1923 926 1962 utiliter

114 1984 276 2034 praescribitur.
288 1983 445 2023 Meditationem
457 1985 528 2022 utilem
541 1996 589 2022 esse
601 1991 622 2022 et
633 1985 777 2023 necessariam
794 1992 836 2023 tam
851 1998 926 2035 pccca-

115 2046 205 2093 tur'ibus,
217 2059 277 2097 quam
286 2045 360 2095 justis,
373 2058 448 2085 sacrae
459 2046 534 2085 literae
545 2047 645 2096 probant:
666 2047 815 2086 „Desotatione
834 2047 928 2086 desolata

115 2113 147 2146 est
160 2114 225 2153 terra,
238 2108 287 2158 quia
299 2120 358 2146 nemo
372 2114 412 2153 est,
426 2108 459 2159 qui
471 2108 579 2160 recogitet
591 2108 667 2147 corde’'
677 2107 702 2156 ¹).
721 2109 756 2148 „In
771 2107 865 2146 omnibus
877 2121 925 2159 ope·

113 2169 172 2209 ribus
184 2169 225 2207 tuis
237 2181 356 2208 memorare
367 2169 482 2208 novissima
494 2175 537 2215 tua,
549 2170 601 2208 etin
615 2177 722 2208 aeternum
731 2181 771 2208 non
780 2169 924 2219 peccantem).

114 2231 207 2272 „ecatus
219 2231 259 2277 vir,
272 2230 305 2280 qui
317 2229 429 2268 meditatur
440 2231 460 2268 in
472 2231 520 2282 lege
532 2231 617 2269 Domini
628 2232 660 2269 die
673 2244 698 2271 ac
710 2230 784 2270 nocte⁵’
792 2228 818 2279 ³).
832 2232 925 2271 „Beatus

114 2292 154 2340 vir,
167 2292 232 2343 quiin
245 2291 349 2342 sapientia
361 2292 487 2337 morabitur,
504 2292 570 2343 etqui
587 2293 607 2330 in
623 2292 707 2341 justitia
730 2305 769 2330 sua
783 2292 926 2340 meditabitur,

113 2361 134 2392 et
151 2354 171 2392 in
189 2366 253 2392 sensu
271 2353 374 2405 cogitabit
391 2353 601 2403 circumspectionem
618 2353 659 2391 Dei
667 2350 694 2401 4).
714 2353 755 2392 SS.
773 2354 851 2393 Patres
872 2356 927 2394 omni

113 2415 163 2454 data
181 2415 292 2455 occasione
311 2415 383 2453 fideles
407 2415 431 2452 ad
449 2414 604 2453 meditationem
622 2415 796 2465 frequentandam
818 2416 932 2455 adhortari

111 2489 152 2515 non
165 2476 276 2515 desistunt.
289 2476 327 2516 Sic
340 2476 362 2514 S.
374 2475 529 2525 Hieronymus:
544 2476 656 2529 „Eligatur
667 2477 707 2515 tibi
719 2483 848 2527 opportunus
857 2484 878 2516 et
890 2479 926 2516 ali·

112 2538 233 2587 quantulum
246 2551 258 2577 a
269 2537 361 2576 familiae
373 2538 463 2588 strepitu
475 2540 569 2576 remotus
580 2538 647 2583 loeus,
657 2538 679 2585 in
693 2551 760 2590 quem,
772 2538 838 2577 veluti
849 2539 869 2577 in
878 2552 925 2589 por-

111 2604 154 2636 tum
168 2599 227 2649 quasi
239 2612 264 2638 ex
276 2600 341 2638 multa
356 2605 480 2649 tempestate
500 2608 609 2645 curarum,
628 2606 648 2638 te
664 2600 769 2650 recipias,
787 2606 808 2638 et
822 2601 926 2640 excitatos

112 2658 166 2696 foris
179 2661 330 2713 cogitationum
342 2662 421 2699 fluctus
439 2662 518 2700 secreti
529 2661 680 2712 tranquillitate
696 2673 815 2713 componas.
835 2663 925 2701 Tantum

112 2718 140 2756 sit
151 2720 232 2760 divinae
240 2722 296 2775 legis
308 2722 406 2768 studium,
418 2729 461 2762 tam
469 2723 557 2763 crebrae
568 2724 719 2777 cogitationum
729 2724 799 2769 vices,
811 2729 853 2761 tam
865 2724 925 2762 firma

116 2806 312 2819 -ᾕ-ι

136 2847 155 2894 ¹)
162 2849 204 2883 rer.
212 2851 255 2884 ΧΠ-
268 2855 296 2887 11.
306 2873 330 2880 —
339 2857 356 2897 2)
365 2855 427 2891 recti.
437 2856 478 2892 vu.
488 2858 519 2893 uo,
528 2875 553 2882 -
561 2859 578 2899 ε)
587 2857 661 2892 raam.
670 2858 685 2892 1.
695 2857 741 2892 uem
749 2856 822 2891 Psalm.
829 2855 925 2890 cvm.-

158 2897 175 2944 ⁴)
185 2898 244 2933 Eucti.
253 2901 305 2938 XIV.
315 2905 346 2941 22,
