2017 3193
840 85 882 129 125

79 215 221 254 confessarius
234 226 270 250 eos
283 211 411 251 exaniinare:
425 216 445 248 et
458 216 530 247 contra
542 222 588 248 cum
600 206 685 247 demissi
698 210 754 248 sunt,
768 201 883 251 periculum

79 279 128 320 erit,
140 290 165 313 ne
178 274 274 312 exterriti
286 274 406 311 difficultate
419 283 442 308 se
455 268 726 307 exarninandiaconfitendo
739 263 883 305 retrahantur,

79 338 131 374 etin
142 336 235 384 peccatis
254 334 398 371 obdurescant.
417 330 463 367 Hos
474 330 543 377 itaque
560 330 701 372 examinabis,
720 327 754 376 qui
773 324 824 360 alias
835 333 883 369 pec-

79 402 126 433 cata
138 407 176 431 sua
193 393 291 441 specifice
303 393 355 430 haud
368 395 503 439 exponerent.
519 389 652 443 Enaminabis
668 395 734 425 autem
747 390 771 426 de
789 385 884 435 peccatis

78 456 105 494 iis
116 460 159 493 tam
170 454 240 504 operis
255 466 314 503 quam
325 451 437 493 locutionis
453 455 474 487 et
492 448 638 500 cogitationis
656 459 706 497 quae
725 455 768 488 tum
779 447 885 498 Decalogi

78 516 207 571 praeceptis
227 522 269 556 tum
285 516 395 556 Ecclesiae
412 511 508 565 legibus,
527 517 570 550 tum
588 510 706 563 praecipuis
719 512 829 553 uirtutibus
849 512 884 552 ad-

79 588 205 627 versantur,
224 588 318 632 spectata
330 585 412 623 aetate,
424 576 552 622 conditione,
569 576 663 614 moribus
675 582 696 613 et
714 578 884 625 occupationibus

81 644 180 694 cuiusque
192 644 330 693 poenitentis,
349 641 396 691 quin
408 640 448 676 imo
461 639 562 688 spectatis
575 638 677 686 adjunctis
690 645 806 687 temporum
823 646 843 676 et
854 641 883 677 lo-

81 718 163 750 corum,
176 706 195 742 in
208 706 281 756 quibus
294 710 352 742 certa
366 707 492 752 grassantur
504 701 562 745 vitia,
577 700 696 737 deducendo
709 712 754 736 eum
766 711 803 748 per
815 701 884 738 varios

81 768 136 804 vitae
155 773 233 812 status,
252 778 303 815 quos
320 763 424 807 decurrit,
442 775 480 811 per
491 762 576 806 varias,
595 761 668 810 quibus
687 760 788 797 obnoxius
809 761 885 806 fucrit,

80 828 180 876 peccandi
195 827 330 867 occasiones,
347 837 371 861 ae
386 823 466 860 demum
478 835 515 871 per
531 822 711 865 circumstantias,
731 833 782 869 quae
795 822 828 858 vel
840 833 886 869 spe-

83 888 134 924 ciem
146 893 238 929 mutant,
251 886 284 921 vel
295 885 351 920 intra
363 883 449 920 eandem
461 883 553 930 speciem
566 881 685 918 notabiliter
698 879 850 930 aggravant¹).

333 998 365 1052 lle
378 1013 469 1052 numero
483 1003 635 1067 peccalorum.

157 1131 174 1185 ξ,
188 1127 223 1170 88.
243 1129 267 1168 Si
278 1130 386 1180 poenitens
404 1136 512 1167 numerum
530 1127 664 1178 peccalorum
683 1129 779 1181 gravium
796 1140 835 1167 non
853 1142 888 1167 en-

83 1194 197 1243 presserit,
209 1192 309 1230 sacerdos
322 1204 368 1228 eum
380 1193 493 1239 prudenter
504 1191 629 1241 interroget.
642 1190 702 1228 Hunc
716 1202 816 1228 canonem
828 1204 888 1240 prae-

85 1256 134 1305 cipit
145 1255 190 1304 ipsa
202 1255 234 1290 rci
245 1259 331 1297 natura;
343 1258 490 1301 praeterquam
503 1252 569 1295 enim,
588 1251 640 1301 quod
648 1242 737 1289 vtotidem
750 1252 792 1289 sint
802 1259 891 1301 peccata

84 1317 192 1359 distincta,
206 1314 335 1363 frequentior
346 1315 417 1362 lapsus
430 1313 528 1350 malitiam
541 1319 615 1363 anget,
634 1319 653 1348 et
665 1313 732 1350 media
744 1313 807 1350 etiarn
820 1313 890 1351 effica-

86 1377 143 1414 ciora
158 1376 231 1413 exinde
246 1375 320 1422 poscit.
332 1374 440 1411 Accedunt
455 1386 516 1411 sacra
532 1374 623 1421 synodus
635 1374 758 1410 Tridentino
777 1380 797 1410 et
807 1374 890 1410 Rituale

85 1439 210 1479 Romanum,
223 1447 275 1483 quae
287 1435 326 1471 hac
339 1435 362 1470 de
375 1447 397 1470 re
410 1435 541 1471 sacerdotem
554 1439 644 1470 monent.

158 1497 200 1531 Pro
213 1494 348 1542 computando
361 1501 495 1542 peccatorum
507 1506 592 1530 numero
604 1499 675 1530 exstat
686 1495 771 1543 regula:
784 1495 825 1530 Tot
836 1506 891 1530 com·

86 1556 195 1594 mittuntur
206 1560 302 1604 peccata,
319 1560 367 1603 quot
377 1560 491 1603 praecepta
510 1554 626 1591 formaliter
639 1553 723 1591 diversa
733 1554 849 1598 violantur,
872 1561 893 1592 et

87 1618 166 1670 quoties
183 1617 228 1668 quis
243 1616 297 1654 idem
313 1622 449 1667 praeceptum
467 1615 631 1669 transgreditur.
650 1615 718 1654 Porro
746 1616 892 1655 attendendum

87 1688 128 1728 est,
140 1688 210 1719 utrum
222 1680 276 1719 idem
287 1686 422 1730 praeceptum
435 1679 504 1719 starent
514 1684 536 1719 et
545 1679 623 1730 seruet,
638 1692 662 1717 an
675 1693 725 1718 vero
737 1683 860 1719 succcessioe
872 1687 893 1719 ct

86 1747 175 1794 saepius
186 1743 320 1793 infringatur.
337 1744 364 1779 Et
378 1743 459 1792 quidem
475 1742 544 1780 sitinii
553 1746 575 1780 ct
584 1741 654 1780 ueniet
668 1749 699 1780 tot
709 1749 798 1792 peecata
819 1756 892 1781 occur-

87 1811 147 1849 runt,
165 1811 213 1854 quot
228 1804 309 1851 objecta
330 1805 437 1840 moraliter
453 1804 648 1847 disdnctadantur,
665 1805 686 1840 in
707 1816 758 1853 quae
783 1810 893 1853 peccatur,

87 1879 106 1902 v.
119 1878 140 1915 g,
153 1865 199 1902 dum
208 1864 253 1914 quis
262 1877 301 1901 uno
310 1870 357 1901 actu
368 1865 439 1912 plures
451 1866 554 1908 vulnerat,
569 1864 704 1901 scandalizat.
717 1865 755 1901 Ubi
767 1865 821 1901 idem
833 1877 894 1913 prae-

89 1932 170 1973 ceptum
182 1927 305 1962 successive
315 1927 405 1975 saeptus
416 1926 495 1961 laesum
508 1925 555 1969 fuit,
568 1931 599 1961 tot
609 1932 697 1973 peccata
709 1932 832 1969 censentur,
844 1920 894 1974 quo·

89 1987 128 2022 ties
145 1997 209 2033 prava
227 1985 322 2021 voluntas
338 1985 445 2021 moraliter
459 1985 576 2033 interrupta
588 1991 611 2021 ct·
620 1986 709 2033 repetita
721 1985 801 2028 fuerat,
813 1991 834 2021 et
846 1990 895 2033 quot

91 2051 150 2083 actus
163 2044 258 2094 completi
271 2050 391 2082 occurrunt.

163 2105 229 2154 Quum
244 2106 413 2144 molestissinmm
430 2118 477 2144 esse
493 2107 559 2145 soleat
577 2107 683 2159 negotium
695 2105 731 2153 iis,
750 2107 783 2159 qui
796 2106 895 2146 confiten-

91 2170 144 2210 tibus
157 2181 219 2209 aures
231 2170 341 2219 praebent,
355 2170 434 2208 numeri
446 2170 563 2221 inquisitio,
579 2171 651 2221 quippe
664 2184 724 2222 quum
735 2172 822 2222 populus
840 2171 896 2210 bibat

90 2234 219 2284 iniquitatem
231 2232 287 2269 velut
299 2244 371 2281 aquam
384 2246 409 2270 ex
421 2246 487 2278 amne,
500 2239 522 2270 ut
530 2233 607 2271 calices
620 2246 658 2271 non
667 2241 772 2279 nurneret,
785 2246 835 2284 quos
848 2247 895 2271 eva-

91 2302 152 2341 cuatg
164 2307 201 2345 pro
213 2294 272 2343 praxi
285 2294 411 2331 confessarii
423 2294 473 2332 haec
486 2301 558 2331 sunto:

166 2353 189 2401 i]
201 2355 240 2391 Ubi
252 2366 350 2391 numerus
359 2361 430 2392 certus
442 2355 549 2405 designari
561 2356 644 2403 nequit,
657 2355 704 2392 talis
717 2354 849 2400 adhibeatur,
863 2355 897 2406 qui

90 2428 141 2453 vero
148 2416 229 2453 videtur
241 2414 365 2459 simillimus,
378 2414 469 2451 addendo
476 2421 586 2463 peccatum
593 2417 682 2452 circiter
693 2418 758 2453 toties
770 2417 897 2466 contigisse}

92 2488 155 2526 quare
168 2475 311 2513 confessarius
322 2474 369 2512 huic
382 2475 495 2512 assertioni
507 2475 637 2524 acquiescat,
650 2487 688 2513 nec
700 2476 724 2512 ad
737 2476 898 2514 mathematicos

92 2549 189 2574 numeros
196 2541 331 2585 peccatorum
339 2536 491 2573 nmltitudinem
497 2537 600 2586 exquirat,
607 2536 643 2574 sed
651 2538 898 2587 quaeratexpoenitente,

93 2599 126 2648 qui
134 2598 217 2649 saepius
224 2604 305 2649 peccat,
312 2598 374 2636 ubise
380 2598 450 2637 multis
458 2598 538 2637 vicibus
546 2598 658 2650 deliquisse
669 2599 703 2645 eit,
713 2606 809 2650 quotnanr
820 2599 899 2639 fuerint

119 2725 133 2762 ¹]
144 2724 183 2757 Cfr.
193 2724 382 2758 Missionsbiioblcin.
396 2724 460 2757 Wien
468 2742 491 2747 —
501 2723 522 2756 S.
535 2724 620 2767 Liguorii
632 2724 691 2757 Pran.
706 2725 780 2758 confes.
790 2734 808 2757 n.
819 2724 898 2758 21—ls.

142 2774 183 2805 vel:
200 2775 240 2807 Der
252 2774 386 2813 Beiclrtvnter‚
401 2773 448 2806 oder
466 2773 578 2816 griindlielre
595 2773 633 2807 und
648 2773 777 2817 vollstlindige
798 2773 898 2814 Anteitung

143 2820 299 2865 fiirseelsorger
312 2823 329 2854 in
343 2823 392 2854 allen
404 2821 550 2855 Verlriiltnissen
568 2823 605 2854 und
623 2823 758 2864 Bezlelumgcn
778 2822 830 2855 ihres
843 2821 897 2854 Seel-

143 2876 223 2947 ppqgers-
229 2872 303 2903 Amtes.
312 2871 354 2902 Von
364 2870 406 2902 dem
416 2869 497 2911 heiligen
508 2870 592 2911 Alpheus
602 2870 710 2902 Marianon
720 2871 804 2911 Liguori.
815 2870 897 2906 deenen,

180 2916 197 2946 6.
224 2918 286 2949 ,38-
296 2920 337 2950 136,
