2056 3193
156 107 201 151 228

230 223 307 263 Locum
325 233 375 261 vero
394 219 438 260 sine
457 220 511 261 omni
531 222 686 275 comparatione
699 225 786 275 primum
799 237 871 266 sacrae
887 223 960 264 literae

157 291 267 334 occupant,
285 289 354 332 utpote
369 283 389 320 in
406 283 479 333 quibus
495 296 534 321 non
547 286 632 323 verbum
644 284 758 330 hominum,
777 289 813 325 sed
825 288 908 325 verbum
921 287 960 324 Dei

155 354 286 380 veneramur.
301 343 337 380 „ln
350 341 425 378 divinis
437 343 560 392 scripturis,
573 345 601 381 ait
614 344 635 381 S.
649 344 790 394 Augustinus,
809 347 867 396 quasi
879 347 899 383 in
911 357 959 396 quo-

156 406 200 445 dam
218 404 302 456 speculo
315 403 375 444 homo
388 404 479 457 seipsum
492 406 625 446 considerare
644 412 723 458 potest,
743 408 809 459 qualis
827 410 864 457 sit,
884 416 903 449 et
921 422 959 462 quo

155 468 230 504 tendat.
254 469 328 505 Lectio
341 469 425 505 assidua
437 470 534 516 purificat
546 470 623 512 onmia,
642 470 737 505 timorem
749 470 823 506 incutit
836 471 959 514 Gehennae,

154 526 178 561 ad
190 527 267 575 gaudia
278 527 406 574 sempiterna
419 538 455 563 cor
467 527 555 576 instigat
567 528 664 576 legentis.
685 526 723 573 Qui
735 528 778 563 vult
791 539 837 563 eum
848 530 893 565 Deo
906 542 959 566 sem·

153 601 191 640 per
204 601 263 636 esse,
276 587 397 641 frequenter
409 588 469 629 debet
481 602 543 628 orare
556 596 576 628 et
588 589 675 643 legere:
692 602 738 629 nanr
752 603 797 629 cum
810 603 901 639 oramus,
920 593 959 645 ipsi

153 664 199 689 curn
210 653 256 689 Deo
275 653 388 700 loquimur;
406 664 451 688 cum
469 664 519 688 vero
538 653 642 702 legimus,
659 654 717 689 Deus
735 653 843 689 nobiscum
862 654 958 702 loquitur.

153 710 222 746 Labor
233 709 333 745 honestus
345 715 378 744 est
388 710 497 752 lectionis,
510 716 531 745 et
541 711 611 746 multis
624 711 648 747 ad
661 710 826 747 emundationem
839 711 901 747 animi
912 724 959 762 prn-

154 771 210 813 licit.
228 771 348 813 sicutenim
361 786 386 811 ex
398 772 517 813 carnalibus
530 772 585 813 escis
597 773 659 814 alitur
672 787 734 820 caro,
752 774 781 813 ita
793 787 818 814 ex
830 774 904 813 divinis
917 778 958 816 elo·

152 835 205 883 quiis
223 835 312 871 interior
330 835 390 871 homo
408 835 500 871 nutritur
518 842 539 872 et
556 837 670 882 pascitur.''
692 838 744 873 Post
756 838 873 884 scripturas
885 849 958 874 sacras

152 892 199 929 libri
212 897 320 929 auctorum
333 892 472 929 commendari
485 898 582 943 possunt,
602 893 635 945 qui
650 904 689 930 non
705 894 800 931 doctrina
811 899 903 940 tanturn,
921 895 957 931 sed

153 955 257 1009 singulari
268 969 347 1009 quoque
359 956 437 996 virtute
450 956 547 996 eminent.
566 958 597 996 Ad
616 958 729 998 acuendum
748 958 884 1009 perfectionis
903 959 957 999 chri-

152 1019 233 1054 stianae
245 1018 342 1061 studium,
354 1017 456 1054 historiae
469 1025 529 1066 atque
541 1031 576 1055 res
589 1027 664 1068 gestae
677 1020 802 1056 Sanctorum
815 1020 900 1063 faciunt,
912 1021 957 1056 illo-

152 1086 195 1112 rum
208 1075 331 1127 praecipue,
350 1075 384 1127 qui
394 1075 449 1112 idem
460 1076 568 1113 nobiscum
579 1076 662 1114 vivendi
674 1088 741 1132 genus
754 1082 875 1124 tenuerunt,
896 1083 916 1115 et
926 1078 956 1115 in·

153 1154 215 1191 super
228 1154 239 1179 a
250 1147 322 1179 nostro
334 1146 428 1190 tempore
441 1154 480 1179 non
493 1141 543 1180 adeo
556 1142 639 1181 distant.
652 1143 750 1181 Nonnulli
762 1143 817 1188 libri,
829 1143 893 1181 veluti
905 1144 957 1182 liber

153 1202 274 1250 Evangelii,
293 1201 448 1244 catechismus,
467 1202 555 1238 historia
566 1203 652 1245 biblica,
671 1204 825 1250 descriptiones
836 1204 891 1239 vitae
904 1204 956 1240 San-

153 1263 244 1304 ctorum,
262 1258 324 1297 etiam
342 1257 362 1296 in
381 1257 475 1298 domibus
487 1258 626 1299 ruricolarum
638 1260 758 1314 plerumque
777 1259 917 1310 inveniuntur,
937 1266 957 1301 et

150 1337 187 1374 pro
205 1338 229 1362 re
247 1331 295 1363 nata
311 1325 332 1363 in
351 1337 409 1362 usum
429 1326 522 1364 converti
540 1333 633 1375 possunt.
658 1326 717 1375 Apud
734 1327 782 1364 illos
800 1333 868 1364 autem
887 1329 956 1376 poeni-

149 1390 227 1425 tentes,
241 1385 275 1430 qui
286 1385 359 1431 legere
372 1385 477 1426 nesciunt,
495 1386 567 1420 brevis
579 1392 640 1432 atque
652 1386 720 1421 facilis
732 1386 840 1421 intellectu
852 1388 956 1422 sententia

149 1440 233 1492 biblica,
246 1454 305 1497 quam
318 1441 401 1497 saepius
413 1442 546 1498 repetendam
558 1442 740 1499 ruminandumque
753 1443 895 1486 confessarius
908 1456 955 1499 poe-

148 1509 222 1545 nitenti
234 1508 374 1552 commendat,
386 1509 454 1556 ipsam
465 1510 576 1547 lectionem
588 1511 718 1557 spiritualem
732 1511 829 1558 supplere
841 1516 917 1557 potest.

220 1568 248 1601 At
262 1566 378 1612 hujusmodi
396 1568 508 1602 lectionum
527 1574 625 1615 respectu
643 1579 720 1616 magna
738 1569 806 1603 cautio
825 1568 954 1602 confessario

148 1639 199 1681 opus
218 1632 256 1668 est.
284 1625 405 1683 Diligenter
423 1626 531 1677 advertat,
556 1631 602 1683 cot,
621 1626 742 1684 qualesque
759 1626 830 1670 libros
847 1631 955 1671 asceticos

147 1692 301 1738 poenitentibus
313 1692 414 1739 legendos
426 1693 519 1728 suadeat.
532 1693 554 1728 Id
566 1694 618 1741 quod
630 1694 687 1730 eirca
700 1693 722 1729 S.
732 1693 862 1740 Scripturam
875 1705 954 1741 quoque

147 1749 226 1784 obtinet
236 1747 262 1795 ¹).
286 1749 309 1785 Si
321 1748 368 1785 fieri
379 1755 458 1797 potest,
470 1750 584 1799 poenitenti
597 1762 628 1795 ea,
641 1762 692 1801 quae
704 1751 772 1802 legat,
784 1756 806 1786 ut
818 1751 954 1801 assignentur

146 1811 249 1851 interdum
262 1825 350 1852 necesse
362 1818 405 1860 est3
423 1826 489 1864 pauca
499 1820 578 1853 tantum
591 1814 657 1853 eidem
668 1813 848 1864 praescribantur,
864 1827 954 1853 necnon

146 1874 239 1909 breviter
251 1874 375 1916 instruatur,
392 1876 492 1922 quomodo
505 1877 573 1924 legat,
592 1877 687 1922 lectaque
699 1876 723 1911 ad
735 1887 758 1910 se
769 1875 836 1921 ipsum
849 1875 953 1921 applicare

146 1930 219 1982 possit.
243 1930 312 1982 Quare
330 1942 415 1970 moneas
433 1933 584 1985 poenitentem,
603 1939 625 1971 ut
641 1932 752 1972 lectionem
770 1932 865 1970 instituat
877 1943 916 1971 non
929 1944 953 1970 ex

146 2008 204 2033 mera
223 1997 361 2042 curiositate,
378 1998 415 2035 sed
434 1998 458 2035 ad
478 1998 609 2036 excitandum
628 1997 716 2035 studium
735 1997 831 2046 pietatis,
844 1997 952 2035 -animo

146 2067 230 2103 semper
249 2057 337 2092 collecto
357 2063 378 2091 et
394 2069 432 2103 per
450 2058 592 2103 precationem
604 2064 740 2104 praeparato,
753 2078 782 2083 —
793 2069 833 2092 non
845 2058 921 2104 raptim
934 2064 953 2092 et

145 2126 297 2169 praepropere,
316 2115 353 2156 sed
366 2120 445 2157 attente
458 2121 478 2157 et
489 2122 581 2165 mature,
601 2122 621 2158 et
636 2129 779 2171 nonnunquam
796 2116 879 2158 iterato.
902 2118 952 2157 For-

145 2180 197 2216 tuita
209 2181 263 2216 enirn
275 2186 296 2216 et
307 2180 367 2216 uaria
378 2180 451 2224 lectio,
464 2187 485 2216 et
497 2182 556 2229 quasi
568 2193 618 2219 casu
629 2188 727 2229 reperta,
740 2193 779 2218 non
792 2181 898 2224 aedificat,
916 2180 952 2217 sed

145 2238 213 2274 reddit
225 2239 314 2275 animum
326 2239 456 2284 instabilem,
476 2246 496 2275 et
514 2240 589 2276 leviter
608 2240 699 2277 admissa
716 2240 783 2276 levius
795 2239 875 2276 recedit
888 2251 899 2275 a
911 2250 952 2275 me-

145 2298 247 2349 moria2).
269 2302 336 2342 Lecta
353 2301 430 2341 tacitus
448 2309 517 2341 mente
534 2310 618 2353 reputet
636 2310 656 2342 et
673 2303 752 2348 videat,
771 2317 796 2342 an
814 2301 864 2340 nihil
880 2308 952 2341 contra

145 2363 297 2410 praescriptum
306 2375 378 2399 eorum
387 2363 463 2412 egerit.
476 2365 564 2411 Insuper
577 2376 637 2400 unam
645 2365 760 2400 alteramve
773 2363 898 2400 sententiam
911 2363 952 2399 eol·

145 2418 207 2474 ligat,
220 2420 279 2473 cujus
291 2421 417 2462 recordetur
429 2422 513 2476 saepius
526 2423 551 2463 ad
563 2423 679 2475 exemplum
691 2422 784 2471 illorum,
798 2422 832 2477 qui
844 2432 951 2461 amoenum

145 2482 226 2522 hortum
237 2486 332 2536 ingressi
344 2486 467 2524 fasciculum
479 2488 519 2524 sibi
531 2488 652 2535 decerpunt,
665 2493 686 2524 et
697 2488 782 2524 naribus
794 2488 870 2524 iterato
883 2486 951 2522 admo·

144 2548 199 2578 vent.
223 2543 307 2590 Quando
318 2546 339 2581 in
352 2557 444 2588 manuni,
457 2546 523 2594 inquit
536 2546 557 2582 S.
572 2546 746 2593 Chrysostomus,
766 2547 840 2596 librum
854 2545 950 2593 spiritua·

143 2602 184 2643 lem
203 2604 304 2655 capimus,
324 2606 378 2647 omni
397 2606 490 2647 seculari
508 2620 558 2648 eura
576 2607 670 2659 repulsa,
689 2606 838 2661 cogitationem
857 2612 948 2647 nostram

142 2678 307 2714 compescamus,
320 2675 341 2706 et
353 2676 450 2712 mentem,
462 2681 488 2706 ne
500 2669 635 2714 distrahatur,
648 2670 780 2712 cohibentes,
793 2668 877 2705 lectioni
888 2681 949 2706 vace-

142 2737 188 2764 mus
200 2736 278 2779 magna
288 2727 365 2778 pietate
378 2734 399 2767 et
411 2729 536 2776 attentione,
555 2735 577 2768 ut
591 2730 696 2781 possimus
709 2741 720 2768 a
732 2729 754 2768 S.
768 2727 848 2779 Spiritu
861 2728 884 2768 ad
897 2729 950 2768 scri·

166 2876 181 2916 ¹)
192 2874 239 2908 Gon,
250 2873 303 2908 Trid.
314 2874 370 2907 sess.
380 2875 412 2908 IV.
422 2894 445 2900 -
458 2874 473 2921 2)
484 2875 549 2910 Guitb.
559 2875 623 2910 hbbas
633 2876 657 2910 ad
666 2877 730 2910 Fratr.
740 2874 763 2908 de
772 2874 837 2909 Monte
847 2874 890 2917 Dei,
900 2874 949 2908 inter

190 2924 225 2970 Op.
235 2926 257 2962 S.
267 2924 362 2962 Bernard.
