2056 3193
120 67 150 109 40

121 181 200 225 dentia,
219 182 245 231 g]
258 181 300 217 alta
310 175 388 228 proprii
397 175 470 222 judicii
483 174 550 224 opinio
562 173 675 218 erfastus,
694 173 719 221 lr]
731 176 792 227 rigor·
804 182 824 213 et
836 176 925 222 laxitas,

123 243 141 290 i]
154 241 216 280 animi
228 240 326 281 demissio
339 244 359 275 et
371 237 472 275 anxietas.
796 251 798 253 ·

305 356 417 410 Internum
432 353 499 408 aninri
513 352 588 424 frigus
608 358 630 406 ct
643 354 744 424 ignaria.

196 483 214 538 ξ.
226 479 262 523 27.
281 484 387 522 Internum
406 481 468 520 animi
485 481 555 532 frigus
574 493 626 532 erga
643 480 730 518 salutent
749 483 897 531 poenitentium
916 496 927 521 a

124 548 192 588 causis
210 545 276 584 variis
296 546 398 597 origirrenr
415 543 472 582 ducit
479 558 484 589 ς
507 543 566 581 rrrodo
585 548 618 581 est
635 542 793 582 immoderatum
810 545 927 584 litterarum

123 607 310 650 continuandarum
322 606 424 650 studium,
442 605 507 655 [quod
520 605 609 642 forsitan
621 605 641 642 in
653 604 787 654 paucioribus
806 607 874 645 locum
891 607 927 644 ha-

122 673 183 719 bet),
202 670 262 708 rrrodo
281 676 313 708 est
324 667 386 706 nimia
404 668 436 705 rei
454 666 580 705 domesticae
599 672 620 704 et
638 667 782 718 agriculturae
800 668 927 715 sollicitudo,

124 733 190 784 (qrrod
201 733 221 770 in
233 744 273 770 non
284 730 378 781 paneis),
391 729 451 767 rrrodo
459 736 578 767 estscnsus
586 740 636 766 vere
644 729 767 775 nnundanus,
778 730 837 768 rrrodo
850 737 883 768 est
894 730 928 769 de-

123 796 192 834 fectus
205 793 341 845 cognitionis,
357 790 378 828 in
391 803 451 840 qnam
470 797 491 828 ct
510 791 589 840 qualem
605 790 674 840 operis
691 797 772 840 partem
785 792 928 830 confessarius

124 858 152 895 sit
162 863 256 900 vocatus,
268 854 327 892 modo
340 859 372 890 cst
381 852 467 904 pigritia
480 858 499 890 et
510 852 602 903 ignauia,
615 864 666 903 quae
677 853 771 902 requiem
784 860 847 900 aurat,
864 854 882 892 si
899 855 928 893 la-

123 920 196 957 berem
208 917 256 955 aditi.

199 978 255 1027 Quod
267 976 329 1015 aninri
340 976 409 1036 frigus
426 989 478 1027 erga
494 976 643 1026 poenitentium
655 977 744 1014 salntem
755 977 813 1015 vario
829 977 888 1015 modo
906 991 928 1015 se

126 1042 255 1080 manifestat:
275 1041 298 1086 a)
311 1038 335 1077 si
351 1037 493 1076 confessarius
513 1044 600 1087 tempus,
620 1038 671 1088 quod
692 1038 858 1077 confessionibus
873 1040 928 1077 exei-

125 1103 204 1154 pieudis
222 1100 334 1151 impendit,
352 1098 466 1138 protestare
479 1105 500 1138 et
512 1102 586 1137 orieris
603 1106 685 1149 tcnrpns
704 1101 832 1146 consideret,
852 1107 872 1139 et
889 1114 928 1139 non

126 1166 170 1203 sine
183 1170 253 1214 aperto
265 1161 343 1199 interni
354 1161 416 1199 taedii
431 1161 491 1213 signo
504 1173 566 1199 aures
578 1160 731 1211 poenitentibus
748 1163 861 1211 praebeat;
880 1169 929 1201 tune
987 1162 989 1165 ⁴

126 1227 180 1264 euim
192 1225 288 1262 sincerus
301 1222 371 1261 cordis
383 1223 471 1261 allectus
484 1235 509 1260 cx
522 1222 669 1261 confessionali
687 1223 762 1261 exulat.
779 1224 804 1271 b]
818 1222 841 1261 si
859 1224 928 1273 poeni·

126 1287 212 1326 tentium
225 1285 333 1323 multitudo
347 1296 392 1321 enm
404 1284 545 1335 impatientem
557 1284 636 1322 reddat.
656 1286 679 1331 c]
692 1284 716 1323 Si
726 1285 856 1334 poenitentes
869 1286 929 1338 frigi·

127 1350 158 1387 dis
170 1348 290 1399 quibusdam
302 1346 373 1383 verbis
386 1345 501 1384 admonitos
514 1346 582 1383 subito
595 1346 680 1383 dimitat.
699 1346 722 1393 d]
736 1347 759 1385 si
772 1347 840 1385 officio
852 1347 933 1393 sr10,ui

127 1410 186 1459 cujus
199 1422 221 1447 sc
240 1415 305 1446 totum
321 1413 418 1457 quarrtum
433 1408 521 1446 fiduciae
537 1420 622 1445 suorum
638 1408 723 1453 offerat,
739 1420 778 1458 per
796 1408 848 1446 alios
864 1409 932 1458 potius

128 1484 187 1522 quarn
199 1483 236 1521 per
249 1482 272 1507 se
283 1470 350 1519 ipsum
363 1469 487 1508 satisfacere
501 1469 556 1507 uelit.
570 1471 592 1516 e]
602 1469 625 1507 Si
637 1481 727 1521 gregem
738 1469 778 1507 sibi
790 1470 933 1508 concreditum

128 1534 200 1572 diebus
212 1532 272 1569 festis
285 1531 363 1569 vicinas
375 1532 438 1569 urbcs
451 1537 485 1569 ant
502 1530 624 1568 monasterii
641 1531 743 1569 ecclesias
759 1531 932 1581 frequentantem,

129 1601 150 1633 et
167 1595 191 1632 ab
207 1593 280 1631 alienis
304 1593 417 1630 animarum
438 1592 558 1642 pastoribus
583 1592 670 1630 consilia
685 1599 706 1629 et
724 1593 800 1630 auxilia
820 1600 933 1643 petentem,

128 1655 208 1694 lubenti
219 1655 285 1692 anirrro
297 1654 373 1691 rideat.
387 1654 409 1701 f]
418 1654 442 1692 Si
454 1654 551 1699 afflictos,
565 1654 598 1704 qui
610 1654 761 1704 aegritudinem
774 1666 832 1692 suanr
844 1667 933 1705 suasque

130 1717 254 1755 tentationes
267 1716 386 1754 accuratius
399 1728 502 1765 exponere
515 1722 536 1753 et
549 1715 579 1753 ita
592 1715 691 1752 alleviare
708 1716 773 1753 velint
791 1716 893 1761 aninmnr,
912 1723 934 1754 ut

131 1790 222 1830 angores
235 1789 284 1815 snos
297 1789 367 1814 eoram
378 1777 470 1826 parmclro
482 1789 519 1814 suo
532 1776 650 1821 etl'undant,
662 1777 753 1814 instruat
764 1778 847 1826 pauciS,
867 1777 934 1816 dimit-

131 1847 200 1890 tatque
212 1839 292 1889 asperis
305 1838 382 1876 uerbis.
395 1841 420 1889 g]
430 1838 452 1876 Si
462 1838 686 1888 sapientiaconterrtns,
699 1839 838 1888 qnamleviter
846 1839 865 1876 in
874 1839 933 1878 sclro-

131 1903 156 1939 lis
164 1901 241 1946 bausit,
253 1900 408 1950 profundiorem
415 1900 455 1937 Dei
462 1899 606 1948 hominumque
614 1899 753 1950 cognitionem
761 1912 800 1937 non
809 1907 902 1950 (praerat,
915 1908 936 1938 et

132 1975 170 2000 non
183 1962 291 2000 adlabcret
301 1967 413 2009 penetrare
422 1961 443 1998 in
450 1962 544 1998 internae
552 1961 598 2010 piac
605 1961 661 1997 uitae
670 1960 753 2005 aditum,
766 1961 785 1998 in
795 1973 832 2011 quo
841 1962 885 1999 solo
892 1974 934 2010 nup*-

133 2024 219 2061 steriurn
228 2034 291 2060 uerae
304 2023 416 2059 animarum
426 2022 547 2060 directionis
560 2022 666 2059 reclusum
674 2022 814 2060 etreuelatrnrr
823 2022 934 2061 invenitur.

205 2084 236 2121 mo
248 2084 295 2121 lrnie
307 2082 358 2120 uitio
370 2084 542 2127 succumbamus,
555 2094 666 2132 parumper
679 2082 698 2119 in
711 2084 831 2121 memoriam
848 2084 935 2122 reuoce-

133 2159 189 2191 mns,
203 2151 291 2195 quantae
304 2145 331 2181 sit
343 2145 491 2190 excellentiae,
510 2145 581 2194 qrrarrti
595 2144 678 2181 fruetus
694 2149 714 2181 et
729 2144 825 2182 utilitatis
841 2145 935 2184 ministe-

132 2208 185 2245 rium
202 2207 259 2244 sacri
270 2205 393 2251 tribunalis,
413 2213 433 2243 et
445 2213 520 2256 quanta
539 2206 567 2243 sit
585 2205 683 2255 obligatio
695 2205 743 2243 illrrd
761 2212 820 2244 recte
833 2212 853 2244 et
861 2214 936 2245 exacte

133 2268 227 2306 obeundi.
241 2266 292 2315 Quid
304 2266 403 2316 prodest,
422 2274 443 2304 nt
456 2268 555 2305 sacerdos
571 2273 695 2316 peccatores
711 2267 900 2316 praedicationibus
917 2275 937 2306 et

134 2328 311 2367 exhortationibus
324 2327 348 2364 ad
361 2330 517 2366 corruersiorrem
531 2335 551 2366 et
562 2328 709 2378 poenitentiam
720 2329 836 2378 impulerit,
854 2328 871 2365 si
885 2341 936 2378 prae

134 2390 216 2427 fastidio
229 2395 249 2426 ct
260 2389 391 2439 negligentia
403 2402 438 2427 eos
450 2397 546 2440 tanqrrarn
559 2389 597 2427 sibi
609 2390 709 2426 molestos
722 2395 742 2427 et
752 2390 881 2438 importunos
903 2403 936 2428 re·

135 2451 227 2501 pellens,
247 2450 405 2488 misericordiae
419 2451 504 2499 januam
523 2451 574 2499 ipsis
592 2450 726 2499 praecludat?
745 2450 802 2488 Sane
821 2450 845 2488 de
861 2452 937 2490 talibus

134 2506 253 2561 pastoribus
266 2523 357 2548 summus
370 2511 484 2549 anirrrarurn
495 2512 585 2556 Pastor,
597 2511 662 2549 Jesus
675 2511 781 2556 Christus,
797 2511 937 2560 justissimam

135 2571 273 2621 conquerendi
285 2572 387 2608 rationein
399 2571 492 2617 babebit,
510 2573 563 2621 qrrcd
582 2584 627 2610 cum
639 2573 684 2621 ipse
702 2573 794 2621 excrrrplo
814 2584 851 2609 sno
868 2573 937 2621 praei-

133 2633 199 2676 verit,
212 2637 233 2669 et
244 2638 315 2680 aperte
327 2632 412 2669 dixerit:
427 2632 515 2678 aliumne,
529 2634 580 2682 quod
593 2633 627 2670 dat
638 2632 687 2670 rrrilri
697 2633 769 2678 Pater,
782 2632 805 2669 ad
817 2644 849 2669 nre
860 2634 937 2672 ueniet.

133 2696 161 2733 Et
173 2705 226 2737 curn,
239 2692 273 2740 qui
284 2693 340 2730 uenit
352 2694 376 2731 ad
388 2706 433 2739 me,
445 2706 485 2731 non
498 2694 578 2746 ejiciam
590 2694 655 2737 foras,
668 2695 715 2742 quia
726 2693 824 2731 descendi
836 2693 859 2730 dc
872 2696 937 2739 coelo,

133 2766 173 2793 non
185 2759 208 2790 ut
220 2753 294 2790 faciam
305 2753 431 2793 uoluntatem
444 2767 521 2798 meam,
538 2755 574 2792 sed
586 2754 641 2802 ejurs,
660 2754 693 2804 qui
705 2753 761 2792 misit
776 2753 821 2791 me”
831 2752 860 2801 ἶ),
877 2755 937 2805 quod,

133 2841 324 2850 ,αθ-...-

160 2886 174 2929 ¹)
185 2887 240 2920 Joan.
250 2884 283 2919 Vl.
295 2887 324 2922 37.
334 2885 364 2918 38.
