2017 3193
848 81 891 127 143

83 198 103 239 in
124 198 229 239 voluntate
248 195 376 239 efficiendam
395 197 419 239 ab
434 199 542 239 intellectu
561 199 666 247 exordiri,
689 196 836 249 emendarique
855 197 891 236 ali·

84 262 163 313 quando
178 261 318 310 poenitentem
333 263 484 300 animadvertet
499 275 571 307 exeo,
587 263 640 312 quod
651 263 691 312 ipsi
702 262 814 313 ingeratur
832 266 892 299 recta

84 323 211 368 officiorum,
224 328 244 360 et
254 323 365 362 veritatum
376 322 526 374 religiosarum
539 323 637 373 cognitio.
680 320 685 329 ⁶

157 386 189 422 lta
201 396 265 431 sane,
280 392 302 424 ut
317 399 361 424 rem
378 384 478 434 cxcnrplis
496 383 636 428 illustremus,
651 385 745 436 vulgaris
763 385 844 423 dierum
857 383 891 421 do-

84 446 207 485 minicorum
224 453 244 485 et
256 447 357 486 festorum
369 444 487 498 profanatio
499 444 551 482 latet
562 444 582 481 in
595 443 698 483 defectiva
711 446 831 498 cognitione
846 445 892 483 reri

84 520 174 553 sensus,
190 508 224 558 qui
238 510 281 561 legi
292 510 373 548 divinae
390 515 411 546 et
423 506 582 546 ecclesiasticae
594 505 634 543 buc
646 508 750 555 spectanti
760 509 844 555 subcst3
861 508 891 545 le-

84 570 130 607 vior
138 569 263 619 jejuniorum
276 576 406 620 contemptus
422 581 448 606 ex
463 567 559 605 erroneis
571 566 679 605 derivatur
698 567 826 614 notionibus,
839 581 891 620 quas

85 632 110 669 de
121 632 230 670 Ecclesiae
242 645 305 683 scopo
321 638 342 669 et
357 630 483 669 auctoritate
500 629 521 666 in
537 628 629 667 ferendis
641 628 742 677 ejusmodi
753 630 836 680 legibus
851 631 891 669 sihi

85 693 166 744 lingere
178 694 245 733 solent
252 710 258 741 3
273 694 308 731 illa
320 691 451 742 frequentior
467 691 575 730 excusatio
588 690 612 728 de
624 690 747 740 impossibili
761 690 891 730 inimicorum

85 755 195 794 dilectione
213 762 247 793 sat
256 757 313 794 clare
329 754 428 799 ostendit,
441 753 518 791 dictam
529 753 598 804 legem
615 752 682 789 minus
694 752 746 789 bene
759 751 860 803 intelligi;
872 759 892 790 et

84 816 180 854 rudiores
192 816 318 865 absurdique
330 815 354 852 de
366 816 419 860 Deo,
432 814 477 863 ejus
489 813 643 852 attributisetc.
657 819 777 863 conceptus,
790 813 892 851 undenam

84 884 202 927 promanat,
218 877 259 914 nisi
271 889 296 914 ex
311 888 386 914 crassa
397 875 518 927 ignorantia
530 882 551 913 ct
566 886 656 912 erronea
668 875 743 912 mentis
762 875 858 913 cultura?
869 876 892 912 ln

84 938 150 977 biset
164 938 266 976 similibus
281 937 365 975 casibus
380 936 579 974 benevolentissima
594 936 671 973 monita
682 936 703 973 in
715 948 789 974 vanum
807 936 892 985 prolun-

85 1001 195 1043 dcrentur,
213 998 254 1036 nisi
265 998 324 1048 prius
336 1003 497 1039 removerentur
509 997 593 1036 erronei
605 1004 730 1047 conceptus,
745 1004 892 1047 repraesenta·

85 1062 152 1099 tiones
165 1073 191 1098 cx
201 1071 242 1097 una
252 1065 331 1097 tantum
342 1064 455 1108 parterem
467 1065 585 1110 tangentes,
597 1071 723 1109 erroresque
731 1058 827 1109 practici.
839 1061 892 1098 Ante

86 1123 126 1160 alia
141 1121 209 1159 onmia
227 1120 360 1165 confitentes,
379 1132 468 1158 necesse
487 1126 529 1165 est,
542 1127 565 1158 ut
576 1126 635 1159 recte
648 1121 751 1171 cogitent,
767 1119 837 1158 officia
855 1133 893 1159 sua

84 1182 207 1233 profundius
220 1188 342 1232 penetrent,
360 1188 381 1219 et
392 1195 429 1232 pro
441 1182 525 1220 interna
536 1182 638 1233 dignitate
651 1182 762 1220 aestiment
779 1182 893 1220 sublimita-

86 1251 126 1282 tem
137 1244 223 1282 virtutis
236 1256 315 1282 summo
323 1243 390 1293 pretio
399 1244 507 1294 studioque
516 1243 598 1295 dignae,
612 1255 697 1293 eamque
708 1243 729 1281 in
741 1243 819 1281 intimis
833 1256 893 1295 prae·

86 1306 164 1345 cordiis
176 1306 341 1355 persentiscam,
354 1311 375 1342 et
387 1318 426 1356 qua
437 1305 483 1343 veri
492 1305 546 1344 Jesu
559 1305 638 1343 Christi
644 1305 717 1343 fideles
730 1318 804 1343 novum
817 1306 895 1344 amoris

85 1368 204 1406 mandatum
219 1367 353 1416 profitentes,
370 1366 420 1405 talia
432 1366 494 1404 animi
506 1379 569 1405 sensa
580 1373 677 1416 tanquam
689 1367 767 1404 fontem
780 1367 845 1404 omnis
858 1381 894 1418 ge-

85 1429 161 1467 nuinae
178 1429 263 1478 pictatis
275 1428 410 1466 considerare
418 1428 552 1466 edoceantur.
566 1428 629 1466 Certo
637 1427 716 1466 certius
727 1429 756 1466 ita
767 1428 813 1473 fiet,
825 1435 848 1466 ut
858 1442 894 1466 vo-

85 1491 155 1528 luntas
169 1491 270 1540 promtior
286 1489 394 1528 doctrinae
409 1490 462 1527 Jesu
479 1489 558 1528 Christi
566 1490 619 1541 jugo
632 1502 654 1526 se
667 1490 785 1535 submittat,
806 1490 894 1541 indeque

86 1552 214 1590 tutissimum
230 1564 289 1590 suum
307 1551 402 1602 regimen
414 1551 556 1590 nanciscatur.
568 1575 598 1579 —
610 1551 759 1589 Oonfessarius
771 1551 841 1601 itaque
853 1552 895 1589 sol-

85 1613 142 1651 licite
158 1613 277 1658 adlaboret,
294 1619 316 1651 ut
330 1613 470 1662 poenitentem
486 1612 510 1650 ad
525 1619 605 1651 rectam
624 1612 740 1651 officiorum
757 1613 787 1651 illi
806 1614 895 1664 undique

85 1674 247 1712 incumbentium
271 1674 424 1724 veritatumque
455 1674 606 1725 religiosarum
625 1673 765 1725 cognitionem
783 1674 895 1724 perducat,

86 1742 147 1786 atque
166 1735 213 1773 binc
230 1735 278 1773 inde
290 1736 323 1773 vel
336 1735 393 1773 circa
405 1735 476 1774 officia
488 1742 509 1772 et
519 1736 621 1774 veritates
633 1736 833 1788 religiosask-qrcqs
842 1738 896 1787 fors

74 1799 312 1852 Nipnorqtffnstroqt,
325 1797 359 1833 vel
371 1796 439 1835 sicubi
450 1796 495 1845 ejus
508 1797 658 1836 conscientiam
667 1810 748 1843 errore,
760 1798 794 1835 vel
805 1804 895 1835 mentem

87 1848 175 1896 erroneo
192 1858 249 1896 circa
260 1860 328 1895 Deum
343 1863 364 1895 et
378 1870 413 1895 res
426 1858 507 1896 divinas
520 1865 622 1908 conceptu
641 1859 709 1897 teneri
719 1859 787 1903 videt,
799 1859 823 1896 de
836 1865 894 1897 recto

87 1920 180 1957 edoceat.

374 2038 478 2110 Regulac
491 2039 613 2109 practicae.

164 2162 182 2216 ξ.
196 2159 245 2203 101.
260 2163 363 2213 Quantum
375 2166 400 2204 ad
411 2166 465 2204 hanc
478 2166 638 2205 instructionem
650 2164 765 2217 poenitenti
775 2166 895 2219 impertien-

88 2226 141 2272 dam,
153 2225 282 2277 Theologiae
300 2226 385 2264 moralis
403 2227 501 2278 magistri
513 2234 625 2279 sequentes
637 2228 657 2266 in
675 2240 736 2268 usum
754 2230 896 2270 confessario-

87 2300 133 2325 rum
145 2287 258 2336 subjieiunt
268 2288 366 2338 regulas:

165 2351 189 2396 a)
202 2348 227 2386 Si
238 2348 283 2399 quis
295 2349 373 2386 nullius
386 2350 466 2388 erroris
479 2348 519 2387 sibi
532 2349 637 2395 conscius,
650 2351 733 2391 sincere
745 2359 766 2390 et
778 2365 804 2390 cx
815 2353 895 2392 indubi-

88 2415 131 2448 tato
144 2409 284 2448 conscientiae
297 2410 409 2448 dictamine
421 2417 528 2460 operatur,
541 2411 594 2449 bunc
607 2413 631 2449 ab
643 2414 698 2450 omni
709 2420 796 2462 peccato
809 2421 897 2453 excusat

87 2474 220 2521 ignorantia.
233 2470 313 2508 Verum
326 2471 397 2521 quiex
410 2472 473 2509 animi
486 2472 584 2518 levitate,
602 2473 636 2510 vel
654 2474 736 2512 omnino
755 2487 780 2513 ex
792 2476 896 2514 malitioso

88 2533 142 2584 legis
155 2532 235 2570 divinae
244 2538 348 2570 contemtu
361 2533 431 2571 officia
442 2546 480 2571 sua
492 2524 588 2572 adiscere
599 2534 726 2581 intermittit,
739 2536 787 2580 iste,
800 2539 897 2587 quamdiu

88 2594 117 2631 ita
128 2599 197 2631 mente
215 2592 328 2644 dispositus
348 2599 387 2638 est,
405 2594 486 2632 frustra
502 2606 561 2633 suam
576 2595 717 2646 ignorantiam
736 2598 835 2636 obtendit.
853 2599 897 2637 Sub

87 2653 127 2692 hac
139 2655 193 2692 enim
205 2655 261 2706 legis
273 2654 355 2692 incuria
367 2662 461 2704 apertum
472 2655 546 2694 vitium
561 2669 599 2695 seu
617 2664 717 2697 constans
733 2659 795 2697 animi
810 2671 897 2709 perver-

88 2714 140 2752 sitas
152 2716 210 2754 latct.
223 2715 352 2754 Praesertim
364 2721 407 2754 tum
421 2718 481 2767 culpa
492 2718 603 2767 plurimum
614 2720 740 2758 incrementi
752 2721 818 2771 capit,
830 2723 866 2760 ubi
876 2722 897 2759 in

88 2778 183 2814 locterio
197 2781 259 2825 provo·
273 2777 394 2829 ignorantia
409 2790 484 2817 crassa
496 2780 531 2816 vcl
546 2781 646 2819 affectata
660 2781 781 2820 intervenit.
800 2783 896 2832 Inprimis

89 2834 114 2871 de
125 2834 167 2871 illis
178 2837 199 2874 id
211 2838 297 2884 obtinet,
310 2838 344 2889 qui
354 2839 387 2876 vel
400 2840 493 2878 sinistris
506 2841 616 2879 affectibus
629 2843 711 2892 abrepti
726 2856 799 2882 veram
810 2844 896 2894 religio-

89 2907 136 2933 nem
147 2897 231 2934 nescirc
242 2907 346 2950 pergunt,
362 2901 395 2938 vcl
405 2901 585 2955 irruentineotiori
597 2902 645 2940 loco
658 2904 762 2943 collocati
780 2904 897 2943 officiorum
