2056 3193
150 67 198 112 246·

149 185 174 223 ad
191 184 319 223 sacrificium
335 194 381 221 cum
395 180 467 222 fructu
485 182 650 222 auscultandum.
670 184 829 234 „Spiritualiter
845 184 958 225 communi-

150 259 199 286 care
212 252 244 282 est
254 244 314 282 valde
329 245 393 290 utile,
410 244 477 295 inquit
491 244 514 283 S.
531 245 646 290 Theresia3
662 245 725 297 nolite
740 247 760 285 id
777 248 958 297 praetermittere3

149 307 183 346 hie
195 306 249 344 enim
267 305 389 355 experietur
406 306 517 353 Dominus,
536 313 634 357 quantum
653 318 698 356 eum
717 309 812 345 ametis.”
831 310 906 349 „Licet
924 322 959 348 au·

148 375 190 406 tem
207 379 245 417 per
263 373 374 417 utramque
391 367 561 406 Gommuuionem
579 367 640 405 homo
658 368 742 406 uniatur
758 380 804 406 cum
825 371 910 410 Christo
921 383 959 421 per

147 429 209 467 fidem
222 435 242 466 et
254 428 378 466 charitatem
389 449 420 455 ——
431 451 461 456 -
472 428 605 466 nihilominus
617 429 637 465 in
657 429 805 467 Gommunione
821 442 879 469 mere
898 432 959 482 spiri·

147 489 198 528 tuali
210 502 249 527 non
261 489 332 526 unitur
343 489 430 527 realiter
443 501 492 526 caro
506 488 586 526 Christi
598 500 644 526 cum
656 501 720 527 carne
733 491 912 538 communicantis,
918 494 959 531 sic·

149 557 184 590 cut
196 550 300 601 contingit
311 550 331 587 in
345 549 493 588 Communione
506 550 667 596 sacramentali;
683 540 721 588 sed
733 552 799 589 solum
818 552 959 592 intentionali-

147 618 180 650 te1·
199 618 220 650 ct
237 624 274 661 per
293 613 398 650 allectum.
420 610 502 649 Deinde
522 604 677 650 communicans
696 611 758 662 digne
777 614 959 652 sacramentaliter

146 673 223 723 recipit
245 680 379 724 augmentum
408 672 490 724 gratiae
504 672 642 721 justificantis
666 685 691 711 cx
714 677 776 722 opere
797 681 882 723 operato
904 676 960 723 ultra

147 735 244 772 meritum
258 735 373 784 operantis3
387 740 481 772 ceterum
493 734 649 772 communicans
661 734 800 783 spiritualiter
811 742 903 781 tantum,
922 749 960 775 seu

149 796 194 834 solo
207 796 318 840 desiderio,
331 795 420 845 acquirit
439 801 573 846 augmentum
592 795 675 845 gratiae
691 795 757 833 solum
776 809 801 834 ex
818 796 892 834 merito
911 810 959 847 ope·

149 857 230 895 rantis”
239 855 263 904 ¹).
278 856 344 905 Quum
355 857 426 906 itaque
437 856 552 906 piissimum
565 856 604 894 hoc
615 862 693 902 votum,
705 862 767 906 prout
778 858 900 895 Redemtori
911 870 958 907 per-

149 930 209 968 quam
223 924 331 967 acceptum
344 924 383 962 est,
395 918 425 955 ita
436 923 457 954 et
468 918 558 968 insignis
571 918 597 955 sit
609 917 717 955 utilitatis:
730 918 804 955 merito
816 918 889 956 fideles
902 919 963 958 exci-'

149 985 227 1023 tentur,
240 984 262 1016 nt
272 978 293 1017 id
304 979 389 1024 faciant,
400 978 513 1028 praecipue
527 979 607 1029 quoties
620 978 661 1017 SS.
673 978 753 1016 Missae
770 979 875 1018 sacrificio
893 980 958 1017 inter-

149 1039 229 1087 sunt²].
246 1040 328 1078 Mentes
340 1052 391 1078 vere
403 1040 490 1078 devotae
502 1052 542 1077 non
555 1040 620 1078 semel
632 1045 725 1086 tantum,
744 1041 781 1079 sed
791 1040 869 1079 iterato
880 1041 901 1079 in
914 1041 958 1081 dies

148 1100 188 1140 hoc
200 1101 326 1140 desiderium
338 1102 443 1140 excitasse
454 1102 561 1152 leguntur⁴

310 1219 349 1279 ll.
362 1219 477 1289 Frequens
491 1219 531 1273 ilci
545 1220 673 1290 praesentis
687 1212 803 1274 memoria.

223 1344 240 1398 ξ.
255 1341 304 1385 168.
316 1345 399 1384 Brevis.
412 1346 450 1383 sed
461 1346 560 1395 frequens
572 1346 691 1384 recordatio
704 1346 785 1384 divinae
802 1346 958 1396 omnipraesen-

148 1408 196 1453 tiae,
209 1407 374 1451 omniscientiae‚
393 1412 433 1444 etc.
446 1407 466 1444 in
479 1407 547 1445 sacris
559 1407 630 1445 literisv
639 1407 723 1445 iteratis
734 1407 815 1446 vicibus
828 1408 957 1445 commenda·

147 1474 188 1506 tur.
200 1467 319 1506 Abrahamo
332 1468 418 1507 dicitur:
438 1469 498 1519 „nge
513 1468 616 1505 Dominus
634 1468 773 1517 omnipotens,
790 1468 871 1506 ambula
887 1480 958 1507 coram

149 1541 181 1567 me
194 1536 214 1566 et
226 1535 271 1566 esto
284 1526 440 1578 perfectus’⁷³],
456 1535 476 1566 et
488 1529 552 1566 divini
563 1529 641 1566 Psalmi
653 1528 691 1567 hoc
704 1530 864 1567 saluberrimum
877 1529 957 1568 exerci-

148 1590 199 1627 tium
217 1589 362 1628 commendant
380 1589 505 1627 identidem:
524 1589 599 1628 „Oculi
621 1590 663 1627 mei
684 1602 767 1639 semper
784 1590 808 1627 ad
827 1590 957 1628 Dominum.”

150 1652 219 1689 „Eece
232 1651 286 1688 oculi
298 1662 408 1688 servorum
419 1650 440 1687 in
453 1651 547 1688 manibus
560 1650 689 1688 dominorum
701 1663 797 1696 suorum,
814 1651 844 1688 ita
856 1651 911 1689 oculi
922 1663 957 1689 no·

148 1711 189 1749 stri
200 1711 224 1748 ad
236 1711 347 1749 Dominum
358 1712 426 1749 Deum
445 1711 561 1748 nostrum.’⁷
581 1711 695 1750 „Omnibus
712 1711 784 1749 diebus
798 1712 854 1749 vitae
872 1718 919 1750 tuae
937 1712 957 1750 in

147 1778 215 1810 mente
227 1766 302 1810 habeto
313 1771 404 1818 Deum,’'
417 1772 446 1809 ait
457 1771 535 1815 Tobias
548 1771 572 1809 ad
584 1772 648 1809 filium
660 1784 727 1817 suum,
739 1778 762 1810 ut
774 1785 849 1810 caveas
865 1773 901 1810 tibi
909 1785 957 1822 pec·

147 1845 196 1871 care
209 1845 280 1870 coram
291 1833 380 1870 Domino
390 1829 416 1880 4).
430 1832 452 1870 S.
467 1832 586 1884 Gregorius
598 1832 755 1870 Nazianzenus:
769 1833 810 1872 „Ut
822 1845 899 1883 corpus
914 1833 957 1871 ani·

147 1906 200 1939 mae,
211 1894 265 1931 rami
277 1893 359 1931 arboris
371 1899 454 1937 trunco,
466 1894 548 1930 solares
559 1893 613 1930 radii
625 1894 665 1931 soli
677 1893 728 1930 uniti
741 1905 789 1931 esse
801 1893 886 1938 debent,
898 1900 921 1931 ut
933 1893 957 1932 ab

146 1954 188 1992 illis
199 1954 298 1992 virtutem
310 1966 369 1992 suam
381 1953 473 2000 trahant,
484 1954 514 1992 ita
526 1960 594 1992 mente
606 1955 651 1991 Deo
663 1954 716 1991 uniti
727 1966 775 1992 esse
794 1954 899 1992 debemus.
916 1956 957 1993 Ac-

147 2015 215 2054 ceditc
228 2016 252 2053 ad
263 2016 337 2060 Deum,
350 2015 379 2053 ait
390 2014 503 2069 Propheta,
516 2021 536 2051 et
547 2015 697 2060 illuminamini,
710 2021 731 2052 et
742 2015 807 2053 facies
820 2021 905 2054 vestrae
917 2028 957 2054 non

146 2076 305 2115 confundentur.
318 2077 361 2114 Nec
378 2076 431 2113 enim
443 2082 485 2113 tam
497 2066 560 2125 saepe
572 2072 667 2125 spiritum
680 2077 767 2121 ducere,
785 2088 845 2126 quam
856 2078 897 2114 Dei
915 2088 957 2114 me·

145 2137 232 2177 minisse
245 2129 363 2175 debemus.”
376 2139 403 2175 Et
414 2137 520 2187 profecto,
533 2149 585 2186 quae
598 2137 638 2175 alia
649 2138 703 2175 ratio
716 2150 728 2174 a
739 2145 825 2186 peccato
839 2150 876 2175 nos
888 2138 957 2189 magis

146 2198 242 2243 retrahit,
255 2210 316 2246 quant
327 2198 375 2235 uiua
385 2198 514 2243 recordatio,
525 2198 593 2234 Deum
606 2198 729 2235 omniscium
742 2198 835 2246 jndicem
854 2204 875 2235 et
891 2198 957 2235 vindi·

147 2271 192 2296 cem
203 2265 298 2296 nostrum
311 2258 370 2295 nobis
383 2270 430 2295 esse
442 2258 644 2307 praesentissirmmr.
657 2258 754 2307 Inprimis
768 2265 837 2295 autem
847 2265 956 2309 moneatur

146 2319 265 2367 poenitens,
278 2325 300 2356 ut
315 2319 371 2356 inter
383 2318 479 2369 negotia,
496 2325 517 2355 et
531 2318 658 2367 praesertim
674 2319 796 2355 tentationis
809 2324 901 2367 tempore
917 2318 958 2355 Dei

146 2380 264 2427 praesentis
275 2381 395 2417 memoriam
403 2379 444 2416 sibi
455 2378 523 2417 vivide
536 2380 561 2416 ob
573 2379 645 2417 oculos
656 2385 733 2428 ponat,
749 2384 769 2415 et
780 2378 809 2415 ita
821 2379 957 2430 evigilantem

146 2439 167 2476 in
179 2451 202 2476 se
213 2441 288 2478 nralaur
300 2439 492 2488 concupiscentiam
510 2439 627 2487 reprimere
646 2439 737 2476 studeat.
755 2439 795 2476 Dic
807 2439 868 2483 milri,
884 2440 903 2476 si
920 2439 958 2476 tihi

146 2511 229 2548 semper
240 2512 305 2550 prope
315 2500 432 2553 principem
444 2500 541 2537 standum
554 2506 624 2550 esset,
643 2512 668 2536 an
680 2511 720 2536 non
736 2512 782 2537 cum
794 2500 870 2537 timore
887 2499 956 2537 adsta·

145 2562 197 2598 rcs?
219 2561 316 2611 Adeoque
333 2561 413 2610 quando
432 2560 537 2604 comedis,
554 2560 625 2610 cogita
638 2567 773 2608 praesentem
795 2561 877 2603 Demn3
898 2560 958 2597 adest
991 2595 1003 2605 ,

145 2621 207 2659 eninr.
221 2618 304 2666 Quando
323 2621 451 2659 dormiturus
471 2632 504 2665 es,
520 2621 599 2670 quaudo
615 2620 727 2665 irasceris,
740 2620 819 2671 quando
839 2620 956 2665 deliciaris,

145 2680 243 2732 quidquid
256 2681 338 2719 tandem
349 2681 439 2727 feceris,
453 2681 524 2732 cogita
536 2682 610 2719 adesse
622 2683 696 2719 Deum.

169 2816 184 2857 1)
195 2816 263 2858 Quart.
273 2814 297 2847 de
306 2814 407 2848 Benedict.
417 2816 447 2849 tit.
457 2817 474 2848 3.
485 2818 535 2848 sect.
546 2817 563 2847 5.
574 2814 617 2848 dub.
629 2817 646 2848 1.
653 2817 696 2856 Δ)
703 2814 762 2848 conc.
771 2813 886 2851 Triusess.
895 2814 957 2849 xxu.

193 2873 236 2910 cap.
246 2866 264 2898 6.
274 2882 299 2888 -—
308 2864 324 2911 ³)
335 2863 383 2898 Gen.
393 2865 453 2900 xvu.
463 2882 486 2888 —
496 2866 512 2906 4)
523 2863 571 2899 Tol).
580 2864 613 2902 iv:
624 2866 641 2903 6.
