2056 3193
165 113 210 159 194

165 245 217 282 quiae
229 233 273 270 sine
285 232 356 267 fraeno
368 230 389 267 in
401 229 446 279 ipso
459 229 611 277 dominabatur,
628 228 704 268 fortem
717 238 739 270 et
749 233 837 272 validam
851 244 970 284 oppugnan-

165 293 201 338 do,
219 297 348 341 cooperetur.
366 291 452 328 Videbit
463 291 530 342 igitur
542 292 693 336 confessarius,
706 299 775 331 utrum
786 302 895 344 peccatum
907 294 970 332 domi·

164 367 216 392 nans
228 353 255 390 sit
266 351 331 389 veluti
344 352 453 390 continens
465 353 539 400 febris,
547 361 617 392 utrum
629 352 751 391 occasiones
764 356 806 393 sint
817 369 899 407 semper
910 367 970 405 prae·

163 421 244 459 sentes,
268 425 307 463 quo
327 413 347 450 in
365 427 417 452 casu
433 415 547 453 remedium
564 414 716 452 satisfactionis
733 418 882 463 praescribere
900 417 970 461 debet,

163 475 214 524 quod
228 481 248 512 et
259 474 327 523 ipsum
340 476 369 513 sit
380 488 463 525 semper
475 488 583 525 praesens.
601 474 658 512 Unde
670 475 823 515 satisfactionis
835 491 906 528 opera,
920 489 971 528 quae

161 536 266 586 aliquanto
289 542 383 585 tempore
406 537 493 582 durant,
516 537 622 587 probanda
642 542 690 574 sunt
706 539 834 586 pracsertim
851 552 877 577 ex
894 538 971 589 duplici

162 609 232 635 eausa.
249 597 321 634 Prima
339 604 380 642 cst,
399 598 445 647 quia
457 603 516 634 actus
528 598 565 635 isti
576 597 662 647 repetiti
673 597 755 635 habitus
768 598 834 636 malos
846 600 922 638 fortius
936 612 970 637 ex-

160 665 255 709 pugnant
272 664 293 695 et
309 658 420 709 frangunt:
438 658 485 695 hinc
502 665 598 707 praestat
615 659 767 707 eleemosynam
786 659 916 711 designatam
933 674 970 710 per

160 718 272 756 intervalla
289 718 422 766 dispensare,
440 731 500 768 quam
518 720 579 756 simul
597 731 677 756 omnem
695 719 790 770 elargiri.
823 721 906 766 Altera,
924 722 971 771 quia

161 792 198 828 per
214 779 268 817 hanc
285 785 367 816 actuum
384 779 516 817 iterationem
534 780 618 817 fovetur
631 787 732 829 concepta
744 781 902 818 commissorum
915 782 971 820 dete-

161 841 223 878 statio
236 846 381 890 peccatorum,
399 852 486 889 quorum
502 847 550 890 post
567 840 718 878 absolutionem
735 841 797 878 facile
815 842 910 880 succedit
921 843 970 880 ohli-

160 901 204 945 vio,
222 908 243 938 et
255 913 315 950 quam
327 912 401 949 parum
414 901 547 949 corporibus,
566 914 631 951 aeque
643 914 716 950 parum
729 902 802 940 animis
815 903 898 952 expedit
908 915 971 940 venc-

160 967 209 999 nata
225 963 313 999 vulnera
330 961 371 998 cito
389 962 469 999 obduci.
489 962 525 1000 „ln
543 975 615 999 morsu
631 969 733 1000 venenato
746 962 868 1012 prohibetur
882 963 970 1001 consoli-

161 1022 223 1060 datio.
242 1022 314 1061 Simon
326 1023 434 1071 Leprosus
447 1023 509 1060 etiam
521 1029 607 1072 recepta
620 1036 631 1059 a
644 1023 729 1061 Christo
742 1024 831 1062 sanitate
842 1023 971 1062 infirmitatis

161 1095 212 1120 suae
224 1095 298 1120 nomen
310 1083 407 1127 retinuit,
425 1095 450 1119 ne
463 1095 551 1132 unquam
565 1084 583 1120 ei
596 1084 704 1122 excideret
717 1097 727 1121 e
739 1086 860 1122 memoriae

218 1200 373 1271 Congruentia
387 1199 555 1254 satisfactionis
571 1218 621 1254 eum
634 1212 780 1270 peccatorum
794 1203 915 1272 gravitate.

236 1301 254 1354 ξ.
273 1298 323 1340 139.
340 1303 414 1340 Altera
431 1303 583 1341 satisfactionis
601 1304 716 1352 poenitenti
732 1303 868 1352 imponendae
881 1304 971 1342 conditio

161 1375 186 1400 ea
198 1369 237 1408 cst,
251 1369 273 1400 ut
280 1366 425 1413 peecatorum
435 1365 540 1412 pravitati
553 1367 732 1402 comrneosurota
740 1364 774 1401 sit.
789 1364 884 1403 „Grandi
895 1365 971 1415 plagae

161 1425 203 1462 alta
216 1431 241 1462 'et
256 1425 338 1474 prolixa
355 1437 405 1474 opus
423 1430 456 1462 est
473 1425 585 1470 medicina,
606 1426 686 1476 grande
704 1426 774 1463 scelus
791 1426 893 1476 grandem
909 1425 972 1464 habet

160 1485 305 1524 necessariam
327 1485 509 1524 satisfactioneme
531 1484 555 1534 ¹).
590 1486 675 1536 ‚illeque
697 1487 750 1524 enim
767 1499 806 1535 par
823 1487 906 1525 fructus
922 1487 971 1524 honi

161 1548 231 1598 operis
250 1560 298 1585 esse
315 1547 376 1585 debet
393 1547 449 1596 ejus,
474 1548 508 1598 qui
527 1548 605 1593 minus,
630 1554 650 1586 et
674 1548 729 1597 ejus,
753 1548 787 1598 qui
811 1549 898 1598 amplius
922 1548 971 1586 deli-

161 1609 215 1660 quit3
233 1616 268 1647 aut
285 1609 337 1658 ejus,
355 1610 389 1660 qui
405 1610 426 1647 in
443 1610 513 1655 nullis,
531 1616 552 1647 et
570 1609 622 1658 ejus,
640 1611 674 1660 qui
691 1610 712 1648 in
730 1610 852 1660 quibusdam
872 1610 971 1648 facinori·

160 1672 199 1709 bus
217 1671 305 1715 cecidit,
329 1676 350 1708 et
367 1670 425 1719 ejus,
447 1671 518 1721 quiin
538 1671 608 1709 multis
629 1678 661 1709 est
677 1672 756 1721 lapsus.
789 1672 831 1709 Per
849 1671 889 1710 hoc
906 1684 970 1723 ergo,

160 1733 212 1783 quod
237 1733 325 1771 dicitur:
350 1732 435 1771 „Facite
457 1732 539 1771 fructus
562 1733 637 1785 dignos
660 1733 813 1783 poenitentIae”
835 1733 969 1782 uniuscujus-

160 1806 199 1845 que
218 1794 359 1833 conscientiae
379 1794 514 1841 convenitur,
538 1801 561 1832 ut
581 1801 638 1832 tanto
657 1795 736 1844 majora
753 1795 849 1844 acquirat
869 1795 970 1832 bonorum

160 1868 246 1906 operum
258 1857 317 1894 lucra
329 1867 366 1905 per
383 1855 539 1906 poenitentiam,
557 1862 633 1906 quanto
651 1857 753 1908 graviora
764 1856 805 1893 sibi
816 1856 886 1893 intulit
899 1855 972 1893 darnna

159 1930 197 1967 per
210 1917 303 1967 culpam’⁷
318 1915 344 1963 ²).
362 1917 421 1955 Haec
433 1917 509 1968 regula
521 1929 559 1954 sua
571 1923 645 1966 sponte
658 1930 684 1955 ex
694 1917 766 1954 verbis
780 1916 870 1955 Concilii
882 1917 971 1954 Triden-

160 1978 198 2016 tini
209 1979 265 2023 fluit,
283 1978 335 2028 quod
347 1978 454 2027 prohibet,
472 1991 497 2015 ne
509 1978 617 2016 levissima
630 1978 730 2028 quaedam
743 1990 806 2027 opera
817 1991 854 2028 pro
867 1978 971 2030 gravissi·

160 2040 199 2078 mis
211 2040 293 2079 delictis
304 2039 447 2091 injungantur.
467 2042 493 2076 Et
505 2040 550 2090 quis
563 2052 624 2077 unam
638 2040 751 2078 alteramve
764 2040 924 2085 oratiunculam,
937 2046 972 2077 aut

159 2102 261 2140 leviorem
278 2101 387 2152 quamdam
405 2101 579 2139 exercitationem
596 2101 621 2138 ad
638 2102 766 2139 voluntatem
783 2113 795 2137 a
811 2107 898 2151 peccato
911 2113 971 2138 aver·

160 2164 254 2208 tendam,
273 2163 297 2200 ad
308 2162 360 2200 vitia
373 2162 474 2214 graviora
486 2162 630 2214 infringenda,
649 2169 710 2213 atque
728 2163 752 2200 ad
769 2163 917 2211 poeniteutiam
934 2174 971 2211 pro

160 2225 253 2274 peccatis
266 2224 375 2276 agendam,
393 2223 493 2262 sufficere
511 2224 551 2261 sibi
567 2224 717 2274 persuadebit?
734 2224 757 2260 In
775 2224 856 2274 culpam
874 2236 924 2261 sane
941 2223 971 2261 in-

162 2287 240 2331 currit,
264 2292 285 2323 et
302 2298 313 2322 a
331 2285 399 2323 divino
417 2285 498 2324 recedit
515 2285 601 2331 ordine,
625 2285 659 2335 qui
675 2297 742 2337 grave
761 2297 779 2322 v,
797 2297 818 2336 g.
836 2284 972 2335 pejorationis

162 2348 240 2386 crimen
252 2347 331 2392 eadem,
349 2348 453 2397 qualeve,
469 2352 519 2396 puta
530 2347 619 2396 simplex
630 2347 767 2392 mendacium,
784 2359 851 2396 poena
862 2347 971 2392 mulctare,

161 2408 193 2445 vel
210 2410 230 2446 in
242 2415 351 2458 peccatum
364 2408 442 2446 malitia
454 2414 474 2445 et
485 2408 672 2457 praemeditatione
690 2413 813 2457 conceptum
831 2408 914 2452 eodem,
933 2419 971 2456 quo

161 2467 181 2504 in
193 2477 301 2517 peceatum
312 2469 455 2507 imbecillitate
467 2469 501 2506 vel
512 2469 692 2507 inconsiderantia
704 2469 845 2513 commissum,
857 2467 916 2505 modo
929 2469 971 2506 ani-

161 2529 318 2568 madverteret?
335 2530 388 2568 Nam
400 2530 481 2568 divinae
493 2529 569 2567 literae
582 2530 606 2567 ab
623 2530 660 2574 iis,
678 2530 712 2580 qui
728 2530 878 2579 poenitentiam
895 2535 971 2580 agunt,

161 2589 200 2627 hoc
218 2591 348 2643 efflagitant,
371 2598 393 2629 ut
410 2591 493 2629 fruetus
511 2592 585 2642 dignos
602 2591 742 2640 poenitentiae
759 2591 849 2635 faciant,
867 2596 929 2641 atque
947 2592 972 2629 ad

160 2652 229 2689 Deum
248 2659 395 2690 convertantur
414 2653 434 2690 in
455 2652 546 2700 jejunio,
563 2653 584 2689 in
603 2653 654 2689 fletu
673 2659 694 2690 et
711 2653 802 2701 planctu.
820 2653 847 2688 Et
859 2664 920 2698 vero,
938 2653 972 2702 qui

160 2712 255 2762 peccatis
268 2714 367 2763 gravibus
380 2715 437 2751 leves
450 2714 549 2763 quosdam
567 2712 719 2751 satisfactionis
737 2719 797 2750 actus
815 2712 933 2761 imponunt,
950 2712 973 2751 111

161 2779 265 2811 consuunt
281 2774 387 2821 pulvillos,
412 2774 525 2812 secundum
542 2773 687 2823 propheticum
705 2785 836 2818 sermonem,
861 2775 898 2812 suh
917 2775 972 2812 omni

160 2835 232 2873 cubitu
249 2841 333 2877 manus,
351 2841 371 2871 et
382 2835 460 2872 faciunt
473 2835 587 2873 cervicalia
599 2835 637 2872 sub
650 2835 718 2885 capite
731 2834 844 2872 universae
858 2835 933 2872 aetatis
947 2836 972 2873 ad

163 2903 360 2913 -—--———-———

184 2931 200 2970 1)
209 2929 275 2963 Ambr.
285 2928 309 2961 ad
320 2927 373 2970 Virg.
383 2929 432 2972 laps.
442 2939 459 2962 c.
470 2931 488 2963 8.
498 2948 522 2955 —-
530 2933 547 2972 ²)
557 2930 578 2964 S.
589 2930 649 2973 Greg.
658 2931 685 2964 Μ.
695 2930 746 2964 hom.
756 2930 786 2962 20.
796 2929 814 2963 in
823 2931 913 2964 Euhoe.
921 2929 985 2962 xlll..
