2030 3193
823 129 851 176 35

54 258 121 298 ultimo
133 254 179 290 loco
191 248 334 288 necessariam
344 248 365 286 in
378 246 508 285 confessario
521 247 588 286 dotem
594 258 694 287 vocamus
704 245 853 284 meditationis

52 318 153 359 stodiam.
173 312 223 350 Sine
234 311 271 348 illa
282 311 355 361 quippe
367 308 403 346 vix
415 307 522 357 quisquam
535 309 633 348 adverae
646 316 667 348 et
678 308 757 348 solidae
768 307 853 358 pietatis

52 374 259 426 mutarn-pertingere
271 378 346 423 potest.
365 368 427 408 Sicut
445 368 498 406 enim
515 370 602 407 effectus
614 372 660 410 sine
673 383 750 416 causa,
769 376 790 408 et
807 369 853 406 finis

53 441 129 488 absque
140 435 222 481 medio,
240 441 260 472 et
271 440 345 484 portus
361 432 439 480 absque
456 429 590 480 navigatione
607 432 695 470 obtineri
712 444 753 471 non
769 437 852 482 potest,

51 502 81 539 ita
91 497 193 549 perfectio
206 495 320 535 christiana
331 504 423 541 veraque
435 490 572 529 sanctimonia
586 491 653 537 vitae,
670 494 695 532 ad
706 506 766 544 quarn
777 491 856 543 potiori

52 560 133 599 ratione
145 559 259 603 sacerdos,
272 564 293 594 et
304 562 327 593 ut
338 553 441 598 diximus,
454 552 596 591 confessarius
609 553 686 591 conniti
697 555 763 600 debet,
776 555 855 605 absque

52 620 191 660 meditationis
210 617 311 657 exercitio
330 614 420 653 obtineri
436 614 508 664 nequit
515 629 520 660 ς
544 614 596 664 quod
613 614 647 651 vel
663 614 709 664 ipsa
727 616 856 666 experientia

53 682 105 720 satis
118 687 247 731 compertum
259 685 297 716 est.
316 676 459 714 Sednecesse
478 681 510 713 est
528 687 620 725 quoque,
638 675 727 713 ulterius
746 689 790 714 eam
807 690 855 727 pro-

53 742 114 794 gredi
132 754 155 781 ac
167 748 251 783 ,tantam
270 736 338 782 effici,
357 748 408 786 quae
426 748 449 773 se
467 731 562 773 etiamin
574 736 625 773 alios
645 737 772 774 abundanter
789 738 856 786 possit

54 804 167 841 effundere.
180 800 256 839 Nutrix
264 797 369 849 geminato
377 797 458 848 indiget
466 797 569 843 alimento,
582 809 620 847 quo
630 804 650 835 et
661 810 684 835 se
696 798 762 847 ipsein
774 804 855 835 susten·

54 871 91 910 tet,
104 871 125 902 et
136 864 197 901 simul
208 859 295 899 lactenti
305 859 359 909 proli
372 858 469 897 sufficiat.
481 859 513 896 Ita
525 871 547 896 se
559 871 594 896 res
606 858 669 897 babet
680 860 700 896 in
713 858 857 897 confessariis.

54 926 107 976 Ipsis
120 923 215 964 convenit
227 921 301 970 duplex
312 920 346 958 ille
359 919 453 970 spiritns,
466 932 526 970 quern
537 920 577 958 sibi
587 920 683 970 poposcit
693 921 790 959 Elisaens
802 920 858 959 „ob-

55 998 129 1031 secro,
141 984 195 1022 utin
207 995 239 1020 me
250 982 288 1019 fiat
298 982 373 1031 duplex
385 979 527 1031 spiritnstss),
544 982 646 1031 spiritus,
664 982 684 1019 in
703 981 762 1030 cujus
780 982 857 1020 virtute

56 1047 143 1085 evadant
151 1045 247 1095 perfecti
258 1049 279 1081 et
287 1043 433 1093 perficientes.
449 1042 563 1093 Utrumque
575 1044 637 1094 longe
649 1043 732 1082 facilius
745 1055 858 1094 conseque-

55 1114 101 1153 tur,
121 1106 154 1156 qni
172 1117 233 1143 sacro
246 1103 293 1142 hnic
312 1104 413 1142 exercitio
431 1104 545 1150 incumbit,
562 1117 622 1155 qnam
641 1105 675 1154 qni
691 1104 742 1142 illud
759 1104 857 1156 negligit.

54 1167 179 1217 Experinmr
192 1165 246 1204 enim
258 1165 363 1216 quotidie,
381 1165 434 1215 quod
446 1177 520 1204 sacrae
531 1166 606 1203 literae
617 1171 736 1204 testantur:
754 1166 858 1216 „Corpus

56 1228 109 1279 quod
121 1227 275 1277 corrumpitur,
293 1233 399 1278 aggravat
411 1227 510 1272 animam,
528 1233 549 1265 et
560 1234 646 1265 terrena
656 1227 778 1265 inhabitatio
791 1227 858 1277 depri-

55 1290 93 1328 mit
104 1278 188 1327 sensnm
200 1288 264 1326 nmlta
276 1287 416 1339 cogitantem”
427 1285 453 1335 2),
474 1288 531 1326 Unde
549 1300 574 1326 ne
593 1301 651 1326 mens
669 1295 743 1326 nostra
760 1288 859 1338 tepefiat,

55 1351 88 1388 vel
99 1363 170 1388 rerum
183 1356 315 1387 terrenarum
328 1349 418 1399 pondere
430 1349 562 1395 inflectatur,
580 1350 634 1388 aliud
650 1356 707 1388 certe
723 1362 763 1387 non
778 1356 859 1394 restat,

56 1412 97 1449 nisi
107 1418 130 1449 ut
141 1412 232 1462 gratiam
243 1411 294 1455 Dei,
312 1422 364 1460 qnae
376 1411 439 1461 estin
452 1411 511 1448 nobis
523 1423 560 1460 per
578 1411 731 1461 impositionem
749 1423 859 1455 manuum,

58 1485 94 1522 ope
106 1472 246 1510 meditationis
259 1472 349 1521 qnotidie
361 1472 491 1510 resuscitare
503 1478 633 1523 satagamus,
645 1484 670 1509 ne
689 1472 744 1510 forte
763 1478 784 1509 et
800 1472 860 1509 nobis

58 1533 176 1584 contingat,
193 1539 216 1570 ut
233 1545 283 1583 qnos
300 1532 408 1570 ministros
421 1532 501 1570 Christi
512 1539 533 1570 et
545 1533 701 1583 dispensatores
713 1533 860 1581 mysteriorum

57 1594 98 1631 Dei
109 1606 156 1631 esse
168 1600 259 1644 oportet,
277 1593 393 1631 efficiamur
406 1595 485 1632 ‚onrrbes
501 1594 546 1632 sine
558 1606 625 1644 aqna,
645 1607 696 1644 qliae
709 1606 720 1631 a
731 1594 800 1631 ventis
820 1594 860 1632 cir·

59 1654 214 1700 cnmferuntur,
232 1655 319 1692 arbores
332 1655 462 1692 autumnales
474 1654 633 1700 infructuosae,
650 1655 682 1693 bis
700 1661 802 1701 mortuae,
815 1667 860 1692 era-

59 1715 138 1753 dicatae
151 1716 203 1754 etc.’'
211 1714 229 1762 ³]
241 1716 321 1766 thuis
330 1716 370 1754 sibi
381 1716 509 1760 blandiatur,
522 1717 599 1766 ubsque
612 1716 717 1766 frequenti
728 1706 861 1754 meditatione

59 1776 83 1813 ad
95 1776 194 1824 majorem
206 1776 367 1827 perfectionem,
384 1788 410 1814 ne
423 1777 489 1816 dicam
502 1777 526 1815 ad
537 1777 673 1827 perfectionis
691 1777 794 1815 verticem
813 1789 861 1815 con-

59 1849 181 1875 scensurum
194 1849 216 1875 se
234 1839 299 1875 esse?
315 1837 399 1875 Etenim
416 1851 453 1887 per
468 1838 607 1876 meditationis
627 1838 751 1877 exercitium
769 1840 861 1887 cognitio

57 1900 174 1936 veritatum
191 1898 315 1936 diuinorum
333 1900 357 1936 in
373 1898 437 1936 nette
452 1900 582 1950 perficitur,
607 1899 659 1937 fides
678 1899 793 1944 animatur,
814 1911 862 1948 spes

58 1958 183 2004 roboratur,
201 1966 222 1997 et
234 1958 327 1998 charitas
338 1959 478 1997 inflannnatur
490 1960 559 2011 magis
579 1960 642 2005 adeo,
659 1966 686 2013 nt
696 1960 717 1997 vi
732 1966 753 1997 et
768 1960 863 1998 efficacia

59 2019 174 2057 divinarum
190 2020 304 2058 veritatum
322 2026 482 2066 succrescente,
500 2033 551 2066 seu,
570 2020 632 2069 juxta
648 2021 713 2058 verba
730 2021 863 2066 Psalmistae,

58 2078 79 2116 in
95 2080 228 2118 meditatione
247 2081 398 2119 exardescente
415 2082 479 2132 igne,
503 2082 532 2131 pii
549 2083 611 2119 animi
629 2083 717 2120 affectus
735 2082 864 2126 excitentur,

58 2139 112 2178 bona
122 2142 231 2191 proposita
242 2142 394 2192 concipiantur,
411 2143 485 2192 quibus
498 2143 522 2180 ad
539 2143 640 2191 majorem
657 2143 809 2193 perfectionem
821 2143 863 2180 eln-

60 2208 147 2239 ctenrur.
164 2202 245 2241 Verum
256 2203 402 2253 superestalia
414 2215 493 2253 quoque
501 2204 562 2249 ratio,
576 2216 627 2253 qrrae
639 2203 771 2241 sacerdotem
783 2209 804 2241 et
817 2215 864 2242 eon·

59 2261 172 2300 fessarium
184 2270 258 2315 urget,
270 2271 293 2302 nt
304 2264 442 2301 saluberrimo
454 2263 519 2302 hocce
532 2264 633 2303 exercitio
646 2276 708 2313 saepe
721 2264 805 2313 saepius
819 2269 865 2301 uta-

60 2326 106 2368 tur,
124 2330 225 2372 qnatenus
238 2325 320 2363 scilieet
330 2325 359 2361 ibi
370 2323 444 2369 discit,
462 2325 543 2374 qualem
562 2337 585 2362 se
596 2324 750 2374 poenitentibus
762 2324 865 2373 praebere

60 2382 146 2428 debeat,
163 2385 211 2435 quid
223 2392 244 2423 et
255 2385 355 2436 quomodo
368 2396 403 2422 eos
416 2384 501 2430 doceat,
520 2384 642 2423 adhortetur
655 2391 675 2422 et
687 2385 712 2422 ad
723 2384 809 2422 virtutis
822 2390 865 2422 stu·

60 2442 114 2480 dium
126 2444 216 2497 dirigat,
235 2447 282 2496 quin
299 2446 340 2484 imo
353 2445 443 2483 excitato
455 2444 592 2495 perfectionis
605 2445 671 2484 cuivis
688 2445 753 2483 statui
767 2445 866 2495 propriae

61 2502 175 2551 desiderio,
192 2507 336 2545 meditationes
355 2512 376 2544 et
387 2505 567 2545 considerationes
578 2506 636 2556 ipsae
648 2506 695 2544 usui
714 2518 762 2543 esse
778 2512 867 2555 possunt

60 2565 224 2614 poenitentibus,
248 2579 299 2619 quos
323 2568 344 2605 in
359 2566 400 2606 boe
419 2567 520 2606 orationis
538 2580 618 2620 genere
637 2567 745 2608 instruere
764 2567 867 2613 convenit,

62 2624 120 2673 cujus
131 2640 169 2678 per
182 2641 205 2667 se
217 2630 269 2668 alias
282 2641 370 2681 capaces
382 2641 422 2668 non
434 2635 514 2668 essent.

63 2709 257 2726 ξ’·-ι--ι

86 2757 296 2804 1]111.neg.11.o.—
309 2764 325 2803 ε)
335 2762 381 2807 sap.
390 2762 425 2797 rx.
436 2763 465 2796 15.
473 2780 497 2787 —
509 2761 525 2807 ³)
535 2762 580 2796 ouo.
591 2764 620 2796 12.
