2017 3193
887 94 932 137 315

122 219 196 263 pterea
208 222 244 248 eas
257 210 354 259 explicite
367 224 564 255 commemoramus,
581 218 604 248 ut
623 211 696 249 exinde
712 210 753 246 vini
770 215 789 245 et
806 208 933 252 efficaciam,

124 285 183 324 quam
196 273 220 310 ad
232 271 350 310 sectandam
362 273 462 310 virtutem
474 278 495 309 et
507 272 625 310 evitandum
636 277 746 322 peccatum
757 270 778 308 in
788 282 810 307 se
819 269 933 314 continent,

124 339 318 374 commonstremus.
336 335 394 372 illius
410 333 483 370 modus
498 333 613 370 indirectas
626 340 659 370 est
670 334 716 377 ille,
729 334 747 370 si
758 331 875 382 poenitenti
885 344 932 380 pre-

125 408 160 434 ces
171 396 205 432 vel
216 394 348 444 petitionum,
361 396 394 432 vel
406 393 523 445 gratiarum
536 393 652 441 actionum,
668 405 719 442 quae
730 394 833 430 veritates
847 393 932 443 dogma-

124 457 178 495 ticas
190 457 244 495 scitu
255 457 389 495 necessarias
401 455 520 498 involtulnt,
539 454 614 491 sivein
628 454 804 500 satisfactionem,
823 454 868 492 sire
884 466 932 492 con·

124 518 166 557 silit
185 531 248 558 causa
265 518 409 570 injunguntur.
428 516 451 554 si
471 528 489 552 e.
502 516 523 565 g.
539 516 648 564 poenitens
660 516 763 553 mediante
775 516 895 564 precatione
909 529 931 553 se

118 581 269 620 'commendare
281 582 326 618 Deo
342 580 410 617 triuno
423 577 477 615 scite
491 576 585 625 jubetur,
603 583 624 614 ut
639 584 708 614 mente
723 578 819 614 revolvat
834 578 932 628 dogmata

125 643 149 681 de
159 643 205 681 Deo
216 643 236 680 in
249 642 369 680 substantia
380 652 420 677 uno
433 645 455 675 ct
465 639 562 687 personis
575 640 641 683 trinea
659 639 683 676 de
701 637 742 675 SS.
759 637 881 683 Salvatore‚
898 640 932 689 qui

124 717 147 743 se
158 705 217 742 Patri
228 716 265 753 pro
277 702 371 753 peccatis
384 700 464 737 nostris
477 705 573 749 tanquam
592 700 681 737 hostiam
700 699 828 749 piacularem
846 700 931 745 ohtulit;

124 766 148 804 de
161 766 241 816 Spiritu
253 770 333 807 sancto,
346 762 381 812 qui
392 773 429 798 nos
441 761 462 798 in
473 761 614 811 Baptismate,
627 761 790 799 Confirmatione
803 767 842 799 etc.
855 761 932 799 sancti·

123 828 201 867 ficavit.
217 829 245 865 Et
256 825 296 864 hoo
307 824 367 863 modo
381 822 525 861 confessarius
538 830 610 862 cetera
622 835 701 874 quoque
715 823 812 875 dogmata
823 823 843 860 in
856 834 932 861 mento-

123 890 176 929 riam
193 887 307 940 poenitcnti
325 897 428 923 revocare
448 891 468 923 et
485 886 590 935 explicare
609 886 697 936 poterit,
715 891 778 934 prout
788 885 932 924 necessarium

124 963 172 990 esse
184 948 277 993 duxerit,
295 947 343 997 qirin
355 952 423 984 tamen
437 947 558 985 offensionis
570 947 685 997 periculum
697 948 800 985 incurrat.

301 1065 377 1119 Fidem
390 1070 515 1137 negantia,
529 1071 551 1120 et
564 1067 586 1120 in
601 1071 755 1122 cantitantes.

198 1193 216 1247 ξ.
224 1189 276 1233 214.
289 1193 320 1231 Δ]
333 1193 518 1232 Sacramentorum
531 1195 686 1245 susceptionem
697 1194 717 1232 in
731 1194 806 1232 adultis
818 1194 933 1245 requiritur

124 1255 209 1304 fides'²].
226 1256 266 1292 Est
283 1255 336 1293 enirn
352 1255 404 1293 fides
416 1256 571 1294 fundamentum
583 1269 654 1294 rernm
673 1244 834 1307 sperandarum,
851 1256 932 1294 initium

124 1318 198 1356 salutis
217 1323 238 1355 et
255 1309 495 1365 1·adix‘justifieattonis.
512 1318 567 1356 Hinc
586 1319 716 1356 absolutione
732 1318 881 1356 sacramentali
892 1330 932 1356 non

124 1386 204 1418 tantum
215 1378 306 1431 indigni,
319 1379 356 1416 scd
368 1385 389 1416 et
399 1379 511 1429 incapaces
523 1386 581 1425 sunt)
595 1381 628 1430 qui
640 1380 743 1417 veritates
755 1379 802 1417 fidei
814 1379 932 1431 Religionis

124 1448 209 1486 nostrae
222 1439 337 1479 catholicae
349 1447 428 1491 negant
437 1439 463 1487 2).

198 1502 252 1541 Sunt
262 1514 314 1539 vcro
326 1502 468 1551 poenitentes,
481 1503 515 1552 qui
526 1503 630 1540 veritates
642 1502 759 1553 Religionis
771 1508 857 1539 nostrae
870 1502 931 1540 addu-

123 1564 200 1609 bitant,
218 1564 251 1601 νε]
270 1563 404 1614 gravissimis
420 1563 477 1602 circa
491 1564 623 1614 Religionem
639 1564 706 1601 duhiis
723 1563 848 1601 detinentur.
867 1562 932 1612 Quam

124 1625 206 1662 funesta
224 1624 305 1662 isthaec
324 1623 423 1662 dubitatio
436 1631 458 1662 et
471 1625 581 1663 fluctuatio
598 1625 636 1669 sit,
654 1626 687 1662 νε]
703 1624 777 1662 exinde
794 1630 862 1674 patet,
880 1624 933 1674 quod

124 1685 225 1735 ejusmodi
236 1685 340 1731 homines,
359 1698 421 1724 unum
432 1687 526 1724 fortasse
536 1686 577 1725 hoc
589 1687 667 1731 sciant,
685 1698 723 1724 nos
738 1686 786 1724 fidei
801 1686 869 1724 officio
882 1686 932 1724 ohli-

124 1748 182 1798 gari,
202 1753 295 1786 ceterum
308 1747 462 1786 efficacissimis
474 1748 585 1786 momentis
598 1749 747 1792 destituantur,
765 1748 838 1798 quibus
854 1748 878 1786 ad
891 1748 932 1785 vir-

124 1814 190 1847 tutem
202 1808 293 1858 disponi,
306 1816 327 1846 et
338 1809 359 1847 in
372 1808 417 1857 ejus
429 1810 530 1848 exercitio
543 1810 641 1848 roborari
652 1810 746 1848 debeant,
763 1809 812 1846 Jani
825 1810 932 1847 confessa·

124 1870 169 1908 rius
182 1871 240 1908 circa
250 1869 289 1907 hos
301 1871 433 1920 poenitentes
446 1872 517 1910 sedulo
529 1872 626 1923 indaget,
645 1872 710 1921 qualis
728 1872 794 1908 lateat
809 1871 830 1907 in
846 1871 876 1909 cis
889 1871 932 1909 ani-

124 1944 176 1969 mus.
195 1931 234 1980 Qui
249 1931 346 1970 nimirum
361 1933 394 1970 vel
410 1945 434 1970 ex
448 1933 530 1971 defectu
543 1933 621 1972 solidae
633 1932 780 1971 instructionis
793 1932 816 1970 de
828 1933 932 1984 religione

124 2005 163 2030 sua
180 2005 295 2042 persuasus
314 2006 354 2031 non
373 2001 415 2040 est,
433 1996 465 2032 vel
485 2008 511 2032 ex
530 1985 741 2045 quocunquererum
754 2000 830 2031 euentu
842 1994 933 2031 deillius

124 2053 214 2092 veritate
232 2054 336 2092 fluctuare
355 2056 434 2105 coepit,
453 2056 510 2102 talis,
530 2056 570 2093 nisi
585 2056 629 2094 fors
642 2056 703 2094 duhia
714 2055 802 2093 suborta
812 2055 873 2104 plane
886 2068 933 2094 con·

125 2115 234 2152 temnenda
245 2114 363 2160 videantur,
382 2117 448 2166 petito
466 2130 557 2167 superno
569 2118 655 2162 lumine,
674 2118 694 2154 in
706 2117 816 2154 veritatem
828 2117 932 2166 inquirat:

125 2181 158 2213 ast
172 2175 230 2224 justo
248 2176 390 2215 moderamine
407 2178 444 2216 fiat
458 2178 520 2227 juxta
531 2179 581 2216 illud
592 2178 697 2228 Apostoli:
716 2178 774 2216 „non
788 2178 834 2226 plus
847 2189 933 2226 sapere,

127 2249 187 2286 quam
200 2243 284 2286 oportet
295 2249 380 2286 sapere,
393 2239 430 2276 sed
442 2252 516 2288 sapere
530 2239 554 2277 ad
566 2240 715 2283 sobrietatem,
727 2245 748 2276 ct
758 2238 879 2288 unicuique,
892 2238 933 2277 sic-

124 2304 147 2336 ut
158 2298 217 2336 Deus
229 2297 299 2335 divisit
311 2311 430 2337 mensnram
442 2300 503 2338 fidei’⁷
513 2298 540 2348 ³),
563 2307 584 2338 ct
594 2299 755 2339 Ecclesiastici:
770 2300 865 2338 „Altiora
876 2306 897 2338 te
908 2313 934 2338 nc

124 2360 253 2408 quaesicris,
272 2366 292 2397 et
306 2360 396 2397 fortiora
414 2367 435 2407 te
450 2374 476 2398 ne
491 2368 599 2400 scrutatus
617 2362 694 2406 fueris,
712 2361 749 2398 sed
762 2374 814 2410 quae
825 2363 934 2412 praecepit

125 2420 163 2458 tihi
174 2422 243 2466 Dens,
255 2421 291 2459 illa
303 2422 375 2473 cogita
387 2434 478 2472 semper,
491 2423 542 2460 etin
554 2422 648 2473 pluribus
660 2422 759 2472 operibus
773 2422 817 2471 ejus
830 2436 855 2461 ne
867 2423 934 2461 fueris

124 2482 234 2520 enriosus''
243 2478 270 2529 4).
289 2482 328 2531 Qui
342 2483 386 2531 jani
399 2484 423 2521 ad
436 2484 599 2534 amplectendam
611 2484 722 2522 veritatem
741 2484 824 2522 sincere
839 2491 933 2533 paratus,

123 2540 143 2577 in
155 2542 212 2580 illam
223 2555 261 2593 pro
273 2544 354 2582 viribus
366 2544 473 2594 inquirere
485 2545 605 2591 desiderat,
621 2545 719 2595 illamque
732 2545 787 2583 omni
798 2546 880 2583 meliori
891 2558 934 2583 rno-

124 2600 149 2637 do
162 2602 245 2641 edoceri
259 2605 324 2654 cupit,
341 2606 360 2643 is
372 2618 461 2655 prorsus
472 2607 596 2645 innocenter
608 2607 709 2652 fluctuat,
727 2612 748 2643 et
764 2607 842 2644 nullum
861 2607 933 2644 exinde

122 2668 205 2701 reatum
218 2666 329 2703 contrahit.
353 2669 370 2704 E
384 2674 457 2706 contra
470 2668 504 2718 qni
516 2669 584 2706 datam
596 2668 690 2706 melioris
702 2667 847 2706 instructionis
860 2680 933 2716 oppor-
972 2685 975 2688 ·

123 2772 292 2784 “Q—..-

149 2830 163 2865 ¹)
173 2827 384 2917 gggs=iss¹1gde1ngiosesg.
393 2837 426 2869 vl.
437 2846 479 2917 cgkp.
489 2838 507 2918 81.
521 2836 609 2918 fiamus.
621 2837 690 2919 Glpgps.
699 2825 762 2917 ἐξινιᾶ
769 2836 792 2916 {a
801 2835 904 2923 Fidcgffle
915 2838 933 2868 et

171 2923 214 2957 ΧΠ·
224 2926 242 2958 3·
256 2944 280 2952 -
293 2931 309 2970 4)
319 2893 568 2977 lllh2213lll-nlilfritdilhug..
578 2896 636 2968 tradi.
647 2895 704 2968 78..ἰῖ
714 2894 770 2965 [leda.
785 2908 788 2914 Ι
896 2893 933 2917 om.
