2056 3193
141 97 184 143 182

214 211 240 262 el)
253 211 377 251 Recordatio
390 211 539 249 beneficiorum
551 212 748 261 supernaturalium.

214 272 239 322 5]
252 272 377 312 Recordatio
391 273 509 322 gratiarum
522 271 720 321 superuatnralium,
736 275 766 311 uti
778 274 847 311 dilatio
860 284 945 321 poenae,

141 337 228 387 spatium
240 333 381 383 poeniteutiae
394 339 433 371 etc.

212 392 237 441 6]
255 395 356 444 Exempla
375 395 496 432 severitatis
515 394 606 438 diuinae,
626 393 732 431 exercitae
751 394 770 430 in
791 394 854 439 alios,
874 394 902 432 uti
916 415 945 420 -

140 458 197 501 Cain,
210 456 316 500 diluvium,
330 456 458 500 Sodurnitae,
471 457 537 499 Onau,
551 455 658 491 lsra'e'litae
671 453 690 490 in
704 454 796 498 deserto,
810 455 871 499 Core,
891 462 945 492 stra-

139 530 177 567 ges
188 516 375 559 Bethsamitarum,
393 517 502 565 percussio
519 515 583 559 0zae,
598 514 754 557 canabinas
774 514 873 562 proditor,
893 518 945 553 Ana-

137 577 182 614 nias
195 582 216 613 et
227 576 318 624 Saphira
330 583 370 612 etc.

212 632 237 681 7]
249 636 355 671 Praesens
367 634 486 683 benignitas
498 634 538 670 Dei
551 634 575 670 :nl
588 634 735 681 poeniteutiam
748 632 850 670 vocantis.

211 691 237 742 8)
250 694 366 743 Turpitude
379 693 461 743 peccati
473 716 502 720 -
514 692 574 741 liujus
587 715 617 720 —-
630 694 648 730 ln
660 692 750 737 bomine,
764 693 783 729 ln
798 691 925 731 Christiane.

210 753 235 802 9]
248 755 384 793 Pulcllritudo
392 755 496 802 justitiae,
509 767 576 804 quam,
589 755 648 805 eheu,
661 754 744 791 deserui
757 755 781 791 ob
795 753 885 790 nihilum.

211 815 250 867 10]
264 816 398 869 Comparatio
410 817 488 869 prioris
500 824 568 856 status
581 818 600 856 in
609 816 699 868 justitia,
713 830 758 856 crim
772 816 879 869 praesenti
890 824 946 858 statu

135 882 223 934 peccati.

211 942 251 993 ll)
264 945 398 983 Renuntiatio
412 945 467 983 facta
480 945 533 984 coeli
545 945 628 996 gaudiis
641 945 665 983 ob
678 968 707 972 —
718 968 748 971 —

212 1005 251 1054 12]
263 1008 365 1056 Exempla
378 1007 504 1045 Sanctorum
516 1007 677 1051 Poenitentium,
691 1007 719 1045 uti
733 1029 761 1034 -
773 1006 848 1050 David,
860 1008 945 1052 Petrus,

136 1070 270 1121 Magdalena,
283 1069 337 1106 latre
349 1069 369 1105 in
382 1081 457 1113 cruce;
470 1069 518 1106 item
531 1082 541 1105 e
554 1069 604 1105 vitis
617 1069 751 1106 Sanctorum.
764 1070 791 1105 lut
803 1069 852 1118 ego!

212 1126 251 1176 13]
266 1130 376 1166 Severitas
389 1129 536 1178 poeniteutiae,
550 1142 609 1178 quam
622 1130 729 1177 primaeva
740 1129 838 1167 Ecclesia
849 1142 886 1177 per
899 1129 945 1178 Spi-

135 1192 199 1229 ritum
211 1191 252 1227 Dei
264 1190 345 1227 directa
357 1190 444 1227 dictavit
455 1190 578 1240 graviorum
591 1195 725 1237 peecatorum
738 1190 787 1226 reis.

212 1246 251 1295 14]
264 1250 363 1298 Exempla
383 1249 424 1286 SS.
437 1249 590 1293 Innocentium,
610 1250 643 1298 qui
656 1249 731 1286 acerbe
751 1249 855 1285 deflebant
873 1256 945 1287 errata

137 1311 198 1346 etiam
212 1308 325 1345 levissima.
338 1311 366 1345 nt
378 1321 417 1358 ego
430 1315 500 1345 tantus
513 1310 624 1355 peccator!

211 1363 250 1414 15)
262 1368 388 1418 Benignitas
401 1368 448 1412 Dei,
461 1380 513 1417 quae
525 1380 550 1405 ex
563 1368 604 1405 vita
620 1374 641 1405 et
657 1373 724 1404 morte
739 1368 885 1415 Redemptoris
901 1368 943 1405 evi·

136 1429 257 1468 [lentissime
270 1429 345 1468 elucet.

211 1487 251 1540 lb]
263 1491 381 1530 Parabolae
394 1490 512 1531 Salvatoris
525 1514 554 1520 ἢ
566 1491 590 1530 rie
603 1504 641 1530 ove
654 1490 768 1530 centesima
780 1490 907 1538 errabunda,
920 1491 943 1531 de

136 1556 235 1596 drachma
246 1556 334 1607 perdita,
347 1556 371 1595 de
383 1556 425 1594 filio
438 1556 532 1609 prodigo.
553 1556 607 1595 ldem
620 1555 706 1602 modus,
725 1569 763 1608 quo
779 1556 861 1607 excepit
879 1556 943 1596 Jesus

136 1620 243 1659 mulierem
255 1620 405 1669 peccatricem,
417 1620 547 1664 adulteram,
566 1620 668 1657 latreuein
686 1620 839 1669 poenitentem,
857 1620 943 1658 Petrum

138 1681 343 1732 postnegatiorren13
357 1681 418 1725 ratio,
432 1694 471 1731 qua
483 1681 588 1719 convertit
600 1681 693 1719 Saulurn

212 1739 251 1790 ll]
263 1744 295 1779 Ex
309 1742 474 1792 perfectionibus
492 1742 576 1781 divinis:
592 1749 698 1780 aeternam
710 1742 825 1791 justitiam,
842 1744 944 1781 essentia-

136 1806 176 1842 lem
188 1804 300 1841 veritatem
318 1811 338 1841 et
356 1804 468 1842 bonitatem
484 1805 578 1854 neglexi:
595 1805 795 1853 omnipraeseutem,
813 1804 943 1853 sapientissi-

135 1878 197 1909 mum,
210 1877 302 1901 summae
314 1864 434 1912 Majestatis
446 1866 514 1902 Deum
527 1865 644 1901 0111111111-
663 1877 703 1913 ego
718 1864 835 1907 homuncio,
852 1871 899 1912 post
914 1871 944 1901 tot

135 1925 244 1968 beneficia,
256 1925 281 1961 ob
293 1925 378 1962 nihilum
390 1930 430 1961 etc.

402 2040 480 2091 lllodus
495 2056 522 2091 ea
535 2039 679 2107 proponendi.

209 2165 226 2219 ᾖ.
241 2162 290 2204 126.
303 2166 348 2203 Has
360 2177 411 2202 vero
428 2165 562 2203 contritionis
579 2166 680 2210 rationes,
700 2172 721 2202 et
736 2166 820 2211 motiva,
839 2178 891 2217 quae
906 2178 943 2217 pro

135 2242 257 2282 unoquoque
276 2228 388 2282 sclegeris,
408 2241 446 2268 non
465 2241 569 2280 propones
588 2231 728 2275 tumultuose,
747 2230 783 2269 sed
803 2232 826 2278 a]
845 2229 906 2269 clerc
924 2235 945 2268 et

137 2293 238 2343 breviter,
252 2293 300 2343 quia
310 2292 395 2343 plurimi
407 2300 462 2338 sum,
482 2293 516 2343 qui
528 2294 641 2331 attentione
657 2300 678 2331 et
694 2293 803 2332 intellectu
821 2306 860 2331 uec
878 2293 944 2343 sequi,

138 2368 202 2405 neque
215 2355 299 2405 assequi
311 2355 392 2405 possint
407 2356 524 2406 longiorem
540 2368 657 2393 sermonem
676 2362 697 2392 et
713 2355 900 2393 ratiocinationem.
919 2356 944 2402 b)

140 2415 194 2454 otoo
206 2417 301 2468 petridem
313 2419 410 2466 enerpln7
424 2423 446 2454 ut
458 2423 514 2455 tauto
528 2417 589 2455 altius
602 2422 712 2466 penetrent
723 2416 743 2453 iu
757 2416 845 2454 animum
850 2431 855 2462 3
868 2416 944 2454 vitabis

137 2484 205 2515 tamen
217 2478 372 2526 expressiones,
385 2490 437 2527 qliae
449 2478 588 2527 poenitentem
601 2479 706 2529 affligere,
719 2490 805 2527 eumque
819 2478 944 2515 erubescen-

137 2545 179 2575 tem
198 2538 267 2575 faeere
286 2544 378 2587 possent.
404 2541 427 2584 e]
451 2537 507 2576 Cum
522 2539 601 2588 affecte
616 2542 668 2588 pilae
680 2541 840 2587 cornpnsslonis
858 2544 878 2575 et
896 2550 945 2576 enm

137 2597 226 2635 coelesti
238 2601 348 2648 retectione,
362 2605 385 2635 ut
397 2611 449 2647 quae
460 2599 501 2647 ipsi
512 2600 624 2647 proponis,
643 2599 731 2647 ipsemet
749 2599 832 2637 sincere
852 2598 944 2644 sentias3

137 2670 197 2707 quem
210 2659 360 2705 compassionis
373 2670 458 2695 sensum
471 2659 532 2695 etiarn
545 2659 625 2696 dicendi
638 2659 705 2694 forma
718 2659 862 2696 confessarius
875 2666 943 2696 osten·

136 2719 187 2755 dere
206 2722 227 2752 et
238 2716 300 2753 fateri
311 2718 396 2766 poterit,
410 2730 427 2753 v.
441 2731 462 2768 g.
475 2717 571 2754 sidicat:
585 2718 678 2761 Gaudeo,
691 2718 718 2756 mi
729 2719 792 2755 bonel
813 2724 833 2754 et
847 2720 944 2768 gratulor

137 2791 162 2816 ex
175 2776 252 2822 corde,
272 2778 324 2826 quod
341 2778 465 2817 misericors
483 2779 543 2816 Deus
562 2777 599 2815 tibi
611 2778 702 2830 gratiam
721 2778 853 2817 concesserit
865 2786 943 2830 etspa-

135 2841 194 2885 tium,
207 2838 357 2892 gravissimum
364 2839 403 2878 hoc
411 2847 546 2891 peecatorum
555 2852 606 2878 otrus
615 2841 740 2884 excutiendi,
753 2840 826 2890 quibus
834 2847 943 2892 tantopere

136 2905 210 2951 Deum,
223 2914 326 2948 summum
338 2909 395 2942 tuum
406 2904 571 2950 benefactorem,
590 2904 719 2950 attenderas,
735 2910 755 2943 te
773 2904 840 2957 ipsum
857 2918 908 2945 vero
923 2906 944 2944 iu
