2056 3193
133 92 176 135 158

208 202 308 239 Consistit
319 211 368 237 vero
381 198 490 236 christiani
508 198 596 236 hominis
607 197 709 247 perlectio
724 199 744 237 iu
760 199 854 249 perfecta
870 197 937 236 chari-

134 269 177 301 tate
189 276 242 314 erga
253 264 318 299 Deum
331 266 352 297 et
361 260 489 309 proxinurm,
507 261 540 298 val
551 260 619 310 potius
630 259 650 295 in
663 261 719 297 serio
739 261 882 311 constantique
894 266 937 298 stu·

134 325 166 362 dio
179 324 202 362 ad
213 324 327 373 perfectam
343 320 466 360 charitatem
478 320 616 373 pertingendi.
629 320 688 358 Haec
700 321 793 360 charitas
806 333 937 373 quascunque

133 387 222 423 virtutes
234 383 387 433 complectitur,
398 384 459 435 idque
478 385 515 421 sith
528 383 603 433 duplici
620 382 711 420 ratione:
728 385 750 429 a]
770 396 809 433 qua
826 384 898 423 utana
918 389 938 421 et

135 444 275 494 (ttr'nu'm'culo7
296 445 369 495 quihus
388 446 433 495 quis
446 446 470 483 ad
482 446 596 494 perfectam
609 442 732 481 charitatem
745 446 863 492 contendit,
883 453 902 484 et
913 447 938 492 1))

134 519 171 556 qua
183 505 338 557 ealelda'tr'oues,
352 508 425 556 quihus
437 508 520 544 llannna
530 505 610 543 isthaec
623 504 721 542 divinitus
734 517 830 552 accensa,
849 520 938 559 quaqua·

133 580 207 605 versus
220 580 242 605 se
253 569 323 618 prodit
339 569 460 613 merserit:
479 579 524 605 uam
541 567 632 606 charitas
647 567 728 616 patiens
741 574 783 612 est,
797 567 889 620 benigna
907 576 940 607 est

133 635 171 666 etc.
184 627 208 676 ³).
222 652 251 656 --
262 632 301 667 Ast
313 636 374 678 prout
386 629 481 680 singulae
493 628 532 666 hae
543 628 633 666 virtutes
649 629 744 666 diversos
760 628 871 667 admittunt
889 644 939 682 gra·

133 690 178 736 dus,
190 698 233 728 tmu
245 690 384 739 arripililfzdirris
397 696 417 727 et
427 690 533 739 puritatis,
545 696 588 727 tum
601 690 708 729 efficaciae
721 696 741 728 et
752 690 866 734 firmitatiS,
878 699 940 741 prout

133 751 232 796 charitas,
252 750 322 801 quain
334 751 401 788 Deum
419 750 553 800 honrinesqne
573 750 668 797 ferimur,
685 752 751 800 major
770 753 878 802 minorque
897 753 940 789 exi-

133 813 181 858 stitg
194 813 224 850 sic
237 812 298 849 etiam
310 813 389 863 gradus
401 812 538 861 perfectionis
551 812 708 864 distinguuntur
725 813 822 859 infimus,
839 825 940 859 smrnnus,

132 873 274 911 intermedius.
286 873 341 919 Hine
353 874 438 911 multum
451 879 535 918 errant,
548 874 582 923 qui
594 874 730 923 perfectiouis
742 875 855 912 essentiam
866 875 886 923 in
898 887 941 912 me-

133 935 162 971 ris
175 935 282 973 exercitiis
294 935 378 984 pietatis
400 936 433 972 rel
444 934 612 972 mortificationis
623 942 733 984 reponunt,
745 935 806 973 finem
815 949 861 973 cunr
873 935 940 973 subsi-

133 996 171 1033 diis
183 1003 319 1046 praepostere
332 997 498 1034 commiscentes.
518 995 582 1041 Unde,
595 1002 658 1046 prout
670 996 692 1035 S.
705 997 832 1036 Franciscus
845 997 941 1035 Salesins

133 1057 225 1102 disserit,
239 1058 320 1107 quidam
332 1070 354 1095 se
367 1059 453 1095 nmltum
465 1057 582 1106 profecisse
594 1057 711 1106 opinantur,
730 1059 749 1095 si
760 1059 845 1096 rmrltum
864 1065 884 1095 et
899 1058 941 1095 fre·

134 1125 221 1168 quenter
230 1118 332 1167 jejunent,
350 1119 397 1163 alii,
416 1119 435 1155 si
446 1118 546 1168 plurimas
562 1118 653 1168 quotidie
665 1131 740 1168 preces
753 1126 774 1157 et
785 1120 891 1157 orationes
907 1120 941 1156 de-

135 1186 229 1224 currant,
242 1180 283 1225 alii,
296 1180 313 1217 si
325 1180 397 1231 largas
411 1181 553 1227 eleemosynas
566 1191 657 1230 erogare
670 1181 819 1218 consueverint
831 1186 882 1226 ete,
895 1192 941 1218 eum

135 1241 234 1278 tamenin
247 1241 373 1290 exequendis
386 1241 429 1278 suis
442 1241 517 1278 officiis
529 1240 619 1285 desides,
637 1241 657 1277 in
670 1253 733 1278 sensu
748 1253 785 1279 sno
805 1241 940 1286 abundantes,

134 1302 222 1350 queruli,
234 1302 365 1350 pervicaces,
377 1301 519 1351 lucornpositi,
537 1301 637 1339 invidiae
655 1301 772 1340 infrenatae
790 1302 875 1353 linguae
894 1314 940 1339 esse

133 1363 219 1400 soleant.

209 1423 298 1460 Etiamsi
309 1436 359 1460 vero
372 1423 471 1467 charitas,
485 1434 524 1472 qua
535 1422 662 1472 perficimur,
681 1435 722 1460 una
734 1424 845 1473 eademque
858 1435 941 1472 semper

133 1484 167 1529 sit,
179 1496 216 1533 pro
229 1484 312 1521 diversa
324 1490 392 1521 tamen
404 1484 508 1521 hominum
520 1484 588 1521 indole
600 1484 696 1521 diversas
709 1496 788 1533 quoque
800 1485 879 1521 formas
891 1496 941 1533 prae

133 1557 156 1581 se
168 1546 222 1590 fcrt;
242 1545 303 1581 aliter
316 1559 333 1582 r.
347 1558 367 1595 g.
379 1546 400 1582 in
412 1545 508 1593 personis
526 1546 571 1581 Deo
584 1545 723 1595 singulariter
736 1544 826 1589 dicatis,
845 1545 906 1582 aliter
921 1545 941 1581 iu

133 1605 273 1650 secularibus,
294 1606 354 1642 aliter
373 1606 392 1642 in
405 1606 493 1649 solutis,
512 1606 572 1641 aliter
584 1605 605 1641 in
618 1605 738 1656 coniugatis
751 1617 773 1642 se
786 1605 882 1650 exhibet,
900 1605 941 1642 imo

132 1666 182 1713 ipsis
195 1679 275 1715 quoque
287 1667 367 1703 viribus
380 1672 401 1702 et
412 1666 488 1702 officiis
501 1666 631 1716 singulorum
644 1671 711 1702 semet
723 1666 868 1715 adtemperare
881 1666 941 1703 solet.

131 1727 239 1765 mutuatur
252 1740 311 1779 crgo,
325 1728 358 1778 qui
370 1726 460 1765 studium
473 1726 609 1777 perfectionis
626 1727 677 1765 solis
690 1727 798 1778 religiosis
811 1727 895 1790 etpviris
908 1739 941 1764 ec-

132 1789 257 1826 clesiasticis
271 1790 413 1841 assignantes,
425 1789 476 1826 illud
489 1801 535 1827 cum
549 1789 593 1826 vita
605 1788 686 1826 forensi
697 1790 730 1826 vel
742 1789 834 1834 militari,
848 1795 883 1826 aut
896 1801 941 1826 cum

133 1857 188 1890 statu
207 1851 312 1903 conjugali
330 1851 424 1902 componi
443 1863 505 1901 posse
520 1857 612 1902 negant3
632 1850 708 1888 etenim
725 1851 868 1900 uuusquisque
886 1850 906 1887 iu
918 1863 942 1887 ea

134 1913 257 1957 conditione,
270 1913 294 1950 ad
307 1926 366 1962 quam
378 1918 465 1950 vocatus
478 1912 523 1957 fuit,
536 1913 561 1949 ad
572 1912 688 1960 perfectam
699 1911 741 1948 Dei
753 1918 773 1948 et
790 1911 880 1960 proximi
895 1910 942 1948 cha-

134 1974 217 2011 ritatem
228 1980 364 2025 prouocatur,
377 1980 399 2013 nt
411 1974 494 2013 sineere
507 1969 527 2011 e't
539 1973 655 2013 efficaciter
663 1973 713 2012 velit
725 1986 781 2027 qaaere
793 1980 813 2012 et
825 1973 943 2026 qttiaDeus

135 2037 205 2074 eadem
217 2050 254 2087 pro
267 2037 356 2075 diversis
368 2049 440 2075 rerum
456 2036 559 2084 adjunctis
572 2036 658 2086 expetit,
674 2036 734 2087 quod,
753 2036 788 2074 uhi
800 2036 845 2086 quis
858 2047 943 2074 assecu-

136 2104 168 2137 tus
180 2099 252 2145 fuerit,
266 2112 291 2138 ex
303 2112 340 2138 sue
353 2112 433 2152 genere
445 2099 552 2149 perlectus
564 2097 638 2137 haberi
651 2098 711 2137 dehet
720 2097 746 2147 ²).

138 2220 240 2290 llegulae
253 2221 368 2291 practicae
381 2221 403 2273 in
418 2220 524 2274 ducemlis
543 2220 571 2346 gd
583 2217 688 2291 {studium
705 2217 851 2289 perfectionis
868 2218 944 2289 poeui—

486 2295 541 2347 tenti
558 2310 594 2347 ns.

210 2421 227 2474 ξ.
242 2418 291 2460 111.
305 2421 405 2471 Quoniam
417 2422 485 2460 nullus
497 2433 627 2473 progressus
639 2421 659 2459 in
674 2420 754 2458 virtute
770 2419 853 2469 sperari
868 2424 944 2469 potest,

138 2482 178 2519 nisi
188 2483 247 2521 fiunto
260 2491 280 2521 ct
292 2484 374 2523 efficaci
386 2484 489 2522 desiderio
501 2489 617 2528 teneamur,
630 2483 654 2520 ad
666 2483 744 2531 primas
761 2480 886 2520 confessarii
897 2492 944 2529 par-

138 2550 169 2581 tes
182 2546 284 2593 pertinet:
299 2543 323 2593 1)
336 2552 358 2584 ut
369 2547 500 2595 poenitentes
513 2557 562 2582 suos
575 2545 600 2583 ad
611 2544 680 2582 vivum
688 2543 812 2593 proficiendi
818 2541 945 2580 desiderium

137 2606 245 2644 accendat.
258 2607 346 2646 Scilicet
357 2614 379 2645 nt
392 2609 414 2646 S.
426 2607 558 2658 Augustinus
567 2607 640 2657 inquit,
655 2605 720 2644 „hacc
733 2611 765 2643 est
776 2606 820 2642 rita
831 2610 910 2649 nostra,
923 2611 945 2641 ut

138 2667 273 2705 desiderando
286 2670 443 2708 exerceamur.”
458 2670 549 2708 „Beatos
561 2667 670 2717 praedicat
682 2667 780 2705 Salvator
794 2665 898 2716 Optimam,
910 2667 945 2717 qni

138 2730 234 2767 esuriunt
253 2735 273 2766 et
284 2731 356 2768 sitiunt
363 2730 492 2780 justitiaar3’'
512 2736 532 2767 et
544 2730 624 2779 tepidos
639 2729 675 2766 illa
691 2728 798 2767 tremenda
814 2728 944 2766 comminatio

138 2799 233 2841 spectat:
247 2790 314 2839 „Quia
325 2794 406 2841 tepidus
419 2805 454 2839 es,
473 2815 503 2820 —-
515 2814 543 2818 —
555 2791 652 2840 incipiam
663 2796 683 2828 te
696 2803 793 2829 eroruere
806 2802 831 2827 ex
843 2803 879 2828 ore
892 2802 944 2828 meo.

127 2947 129 2954 ι
164 2929 178 2966 ¹)
190 2929 206 2959 1.
218 2926 261 2959 Cor.
271 2926 322 2960 Xlll.
334 2945 356 2950 ——
365 2925 381 2962 ἓ)
392 2926 430 2960 cfr,
440 2928 462 2960 Α,
473 2926 535 2971 Stapf.
546 2925 639 2968 Theolog.
649 2926 716 2959 moral.
726 2925 749 2958 V.
759 2925 792 2958 Vl.
