2017 3193
865 80 896 125 871

88 196 139 246 ipsis
152 197 183 234 sic
194 196 284 233 laudatis
296 196 385 234 studium
401 195 521 234 assentandi
532 207 596 246 suoqe
608 196 712 235 laudatori
727 195 823 245 placendi
837 195 893 232 fove-

89 263 132 303 tur,
145 263 205 307 atque
217 257 238 294 in
250 257 365 296 confitendo
378 256 456 297 candor
467 255 601 294 imminuitur.

227 376 336 430 Absoluta
349 375 421 447 sigilli
434 373 608 428 sacramentalis
622 375 751 445 integritas.

163 502 181 556 ξ.
193 498 229 541 59.
242 502 339 555 Sigillum
350 501 505 542 sacramentale
517 500 573 538 omni
584 501 707 549 exceptione
715 502 782 550 majus
790 511 823 542 est
832 504 895 548 adeo,

89 570 111 602 ut
120 576 158 602 neo
165 577 253 615 unquam
260 565 323 604 liceat
331 575 453 615 quocunque
464 568 577 612 praecepto
585 560 674 599 humano
681 562 832 603 interveniente
845 577 894 603 oon·

89 626 201 664 sessionem
214 627 315 665 revelare.
335 625 418 664 Etenim
429 630 517 673 peccata
529 624 617 661 aliorum
628 623 649 660 in
665 624 797 662 confessione
813 626 894 664 confes-

89 688 169 733 sarius,
191 701 230 726 non
248 695 271 726 ut
281 688 364 738 privata
376 686 475 736 quaedam
496 697 600 736 persona,
617 697 683 735 neque
702 691 725 723 ut
742 685 842 734 ipsemet,
858 688 894 725 sed

89 755 185 799 tanquam
196 750 222 795 is,
235 750 269 800 qui
279 748 361 798 publico
373 747 412 785 hac
424 746 444 784 in
459 759 483 784 re
498 746 613 785 ministerio
631 747 742 785 Ecclesiae
754 747 862 797 fungitur,
874 755 895 786 et

88 811 226 856 velutiDeus,
238 808 463 861 percipitetintelligit.
476 809 522 846 Non
535 808 588 846 enim
599 814 623 845 ut
632 808 693 845 homo
701 807 785 853 homini,
796 815 895 858 peccator

89 872 196 911 sacerdoti
214 885 237 910 se
252 871 321 919 ipsum
337 883 383 909 cum
398 876 456 907 tanta
471 869 588 914 humilitate
604 876 625 907 et
641 869 703 907 animi
718 870 857 907 submissione
875 870 895 906 in

90 934 223 972 confessione
239 932 310 976 offert,
330 938 351 969 et
366 924 443 969 cuncta
459 937 502 968 tam
522 930 602 975 cordis,
621 943 681 981 quam
697 930 766 981 operis
785 930 897 969 malefacta

89 1001 183 1039 reserat,
196 995 232 1032 sed
243 993 328 1043 ipsimet
338 994 395 1037 Deo,
414 992 483 1029 omnia
493 993 513 1029 in
526 991 636 1030 sacerdote
647 992 783 1042 percipienti,
795 1004 818 1029 se
830 998 896 1030 totum

90 1056 196 1106 expandit,
216 1061 237 1093 et
248 1053 340 1092 reclusis
360 1053 422 1091 animi
435 1053 554 1091 visceribus
566 1054 673 1102 patefacit.
686 1054 749 1103 Audit
759 1053 826 1105 igitur
837 1054 896 1091 Deus

90 1117 223 1155 confitentem
234 1116 255 1153 in
268 1115 378 1153 sacerdote
391 1121 411 1152 et
420 1114 442 1152 in
454 1114 526 1153 eodem
539 1115 650 1153 sacerdote
657 1115 711 1165 ligat
722 1121 743 1153 et
750 1115 840 1153 absolvit
847 1126 895 1153 con-

90 1178 175 1216 fessum.
188 1177 243 1215 Hinc
255 1176 347 1228 sigillum
359 1177 512 1215 sacramentale
520 1176 601 1214 omnino
614 1177 690 1214 nullam
701 1177 780 1227 patitur
793 1177 897 1226 exceptio-

90 1251 148 1284 nem,
161 1239 197 1277 sed
209 1239 299 1289 obligat:
645 1279 646 1284 ¹

164 1301 349 1350 a]Inpei·petuum,
361 1299 443 1337 ratione
455 1299 566 1349 temporis3
579 1298 624 1336 sive
634 1299 743 1348 poenitens
756 1299 784 1336 sit
795 1305 897 1344 mestuus,

91 1361 167 1399 sivein
179 1361 232 1398 vivis
245 1360 318 1398 adhuc.
329 1360 481 1398 Molestissima
493 1360 566 1410 quippe
578 1360 640 1397 fieret
652 1360 768 1405 confessio,
784 1360 803 1397 si
815 1367 897 1398 consta·

90 1429 133 1467 ret,
145 1428 234 1472 peccata
246 1435 257 1459 a
268 1421 328 1459 nohis
341 1422 435 1470 exposita
446 1428 493 1472 post
505 1428 593 1459 mortem
605 1421 734 1472 divulgatum
746 1421 779 1458 iri.

163 1484 188 1531 h]
199 1483 272 1533 Neque
284 1482 403 1532 exceptioni
417 1482 477 1520 datur
492 1484 551 1520 locus
562 1489 663 1533 respectu
675 1490 781 1521 certarum
797 1494 897 1531 persona·

89 1557 142 1582 rum.
163 1545 199 1582 Sic
215 1544 345 1582 confessario
357 1555 397 1581 non
412 1543 463 1581 licet
479 1544 503 1582 de
516 1543 609 1593 peccatis
624 1544 705 1588 antiis,
725 1556 836 1594 quaecum
855 1543 897 1581 illis

90 1611 138 1643 sunt
150 1605 270 1653 conjuncta,
282 1604 347 1654 loqui,
367 1612 387 1643 et
399 1604 480 1653 quidem
492 1607 517 1652 a]
529 1617 595 1654 neque
608 1617 654 1642 cum
668 1605 713 1654 ipso
728 1605 849 1654 poenitente
862 1616 897 1642 eu·

90 1672 124 1704 tra
136 1666 300 1710 confessionale,
313 1665 350 1703 sed
360 1665 390 1703 ita
401 1671 422 1702 te
435 1666 559 1704 conversari
571 1671 664 1714 oportet,
681 1678 705 1703 ac
717 1666 735 1703 si
746 1678 850 1715 nunquam
862 1666 899 1704 tibi

91 1727 201 1764 confessus
214 1727 297 1770 fuisset,
312 1727 405 1775 quamvis
413 1727 466 1769 bono
476 1727 542 1764 animo
555 1727 580 1764 ad
590 1727 730 1777 poenitentem
738 1727 812 1764 melius
819 1728 897 1764 instru-

91 1788 164 1826 endum
176 1788 209 1825 vel
222 1787 329 1826 efficacius
345 1788 493 1838 corrigendum
504 1788 525 1825 id
537 1787 610 1826 facias.
623 1787 646 1825 S.
660 1788 759 1826 Carolus:
776 1787 898 1827 „Sacerdos

90 1848 219 1887 necessitate
232 1855 329 1892 coaetus,
348 1854 408 1885 extra
419 1849 511 1886 tribunal
524 1861 570 1886 eum
581 1848 670 1898 ipsomet
682 1849 801 1898 poenitente
814 1849 837 1886 de
849 1861 897 1898 pee-

91 1910 143 1947 catis
155 1909 211 1960 loqui
223 1910 241 1947 si
252 1910 336 1954 debeat,
351 1909 371 1948 id
382 1910 464 1947 nonnisi
478 1910 578 1960 praelata
589 1910 651 1948 venia
663 1910 739 1948 faciat”
745 1908 770 1957 1].
786 1906 811 1958 β)
825 1911 898 1960 'Neque

90 1983 136 2008 cum
148 1971 194 2008 aliis
210 1970 358 2014 ccnfessariis,
373 1983 399 2008 ne
417 1971 498 2020 quidem
518 1984 564 2009 cum
578 1970 624 2016 illo,
648 1971 682 2021 qui
697 1971 783 2009 eandem
806 1971 898 2019 ejusdem

89 2043 192 2081 personae
205 2032 358 2069 confessionem
374 2039 493 2081 exceperat.
511 2032 535 2070 si
547 2032 600 2070 enim
617 2032 699 2071 consilii
712 2032 807 2082 captandi
828 2033 899 2084 gratia

90 2105 136 2131 cum
148 2092 194 2129 aliis
207 2092 344 2130 confessariis
357 2093 455 2131 conferre
468 2106 518 2143 opus
531 2094 605 2138 fuerit,
620 2094 641 2131 id
652 2094 735 2131 nonnisi
746 2099 803 2131 tecto
814 2093 897 2131 nomine

89 2153 192 2202 tectisque
210 2153 386 2198 circumstantiis,
405 2165 431 2191 ne
447 2155 489 2192 ulla
507 2154 532 2192 de
550 2155 676 2204 poenitentis
694 2166 785 2204 persona
806 2154 898 2204 suspicio

90 2215 180 2258 oriatur,
201 2213 247 2251 ficri
266 2220 354 2263 oportet.
366 2216 388 2262 y]
401 2216 473 2264 Neque
486 2228 532 2253 eum
543 2216 669 2266 poenitentis
682 2216 777 2267 cognatis
791 2222 826 2253 aut
836 2227 897 2264 prae·
936 2216 940 2229 ⁴

89 2275 174 2324 positis,
188 2280 211 2311 nt
226 2286 272 2311 eum
284 2288 295 2311 a
307 2280 394 2323 peccato
413 2281 433 2312 et
446 2276 533 2325 proinde
546 2289 557 2313 a
569 2277 642 2314 damno
654 2277 694 2313 sibi
705 2275 813 2314 inferendo
828 2282 896 2314 retra-

89 2336 140 2374 here
152 2336 255 2373 studeent.
273 2336 297 2382 d]
314 2335 386 2384 Neque
399 2348 445 2374 cum
454 2336 525 2384 judice
539 2337 641 2381 seculari,
662 2338 681 2374 si
697 2337 742 2374 fors
760 2336 812 2374 velit
830 2338 897 2381 scire,

91 2409 191 2446 quaenam
202 2396 235 2435 hic
246 2397 309 2434 illeve
320 2397 348 2433 sit
360 2397 477 2435 confessus.

165 2460 187 2505 c)
202 2458 275 2507 Neque
289 2458 345 2495 valet
359 2458 424 2502 ullus,
437 2458 472 2509 qui
486 2465 559 2508 posset
575 2458 668 2502 obtendi,
684 2458 759 2496 titulus
782 2461 898 2509 speciosus.

12 2521 15 2528 ’
91 2518 240 2556 Confessarius
253 2527 333 2569 quoque
346 2518 371 2556 ad
383 2520 488 2558 silentium
499 2526 594 2565 tenetur,
607 2520 641 2557 uhi
653 2532 679 2557 ox
696 2520 837 2558 confessionis
856 2534 898 2559 ma·

89 2580 224 2617 nifestatione
242 2592 340 2631 magnum
356 2580 451 2619 damnum
474 2594 532 2625 ase,
549 2587 584 2619 aut
603 2582 722 2631 poenitente
745 2594 898 2628 averruncare,

60 2677 64 2689 q,
89 2638 173 2690 insigne
186 2640 314 2678 commodum
326 2640 373 2685 sihi,
386 2647 421 2679 aut
431 2642 546 2692 poenitenti
556 2654 641 2692 parare,
652 2643 693 2679 imo
704 2643 780 2680 bonum
791 2655 898 2681 commune

48 2710 49 2713 ’
89 2708 296 2754 promovereposset.
305 2702 357 2739 Nam
362 2703 397 2751 qui
402 2702 475 2740 exinde
483 2703 576 2740 oriretur
582 2709 698 2741 contemtus
705 2703 838 2741 Sacramenti
845 2704 897 2742 Poe·

90 2757 199 2805 nitentiae,
219 2768 252 2799 est
266 2762 352 2807 malum,
369 2763 421 2812 quod
437 2776 476 2801 non
495 2763 613 2814 singularia
625 2764 724 2813 quaedam
746 2765 848 2809 ntenihra,
861 2764 896 2801 sed

115 2891 130 2928 1)
140 2889 198 2922 lustr.
208 2892 230 2924 P.
239 2893 263 2924 II.
274 2903 290 2926 e.
300 2895 330 2926 20.

40 2971 45 2977 ,
81 2964 84 2972 ,

70 2963 88 2983 ‘⁶⁴'
