2017 3193
876 118 921 164 255

115 250 180 287 opera
189 235 317 275 vindicativa
329 227 441 276 referenda
452 236 519 281 venit,
532 249 584 287 quae
596 243 730 287 peccatorem
741 235 762 273 in
775 248 798 274 se
811 235 922 284 suscipere

115 305 208 347 oportet,
226 304 249 334 ut
266 309 315 334 suos
333 298 353 335 in
370 312 442 336 rernm
454 304 587 335 terrenarum
598 311 638 335 usu
650 298 775 336 commissos
787 302 860 334 reatus
872 297 922 333 luat.

114 361 133 397 Α
149 358 303 408 poenitentibus
321 367 446 405 conventus,
471 357 505 407 qui
523 370 594 396 eorum
613 359 776 397 emendationem
788 366 840 396 rere
858 357 922 406 impe-

115 420 182 465 diunt,
200 421 320 468 spectacula
331 422 424 470 publica,
437 418 572 462 saltationes,
587 420 703 456 obscoenas
715 420 829 470 imagines,
848 418 923 456 lectio-

114 479 161 517 ne'm
173 480 283 528 lubricam,
301 494 340 520 nec
352 495 392 520 non
404 480 482 525 omnia,
502 490 554 528 quae
572 491 608 516 eos
627 478 651 516 ad
669 486 777 528 peccatum
794 480 922 524 incitabant,

113 541 176 580 vitari
188 542 272 589 debere,
289 550 309 582 et
320 543 373 583 hanc
384 544 468 581 illarum
480 553 552 578 rernm
564 540 697 578 evitationem
710 553 721 578 a
733 542 863 580 confessario
876 548 921 580 tan·

115 614 175 652 quam
188 617 238 654 opus
250 604 391 654 poenitentiae
402 601 479 652 imponi
490 613 563 650 posse,
576 601 665 651 alioquin
677 600 739 639 facile
750 609 815 650 patet.
837 603 921 640 Etenim

113 666 253 715 propositum,
266 666 398 705 occasionem
410 662 494 714 peccati
504 662 593 710 vitandi,
606 669 648 709 est,
661 668 684 701 ut
695 662 737 701 dici
749 663 814 708 solet,
827 663 920 702 conditio

113 728 161 764 stae
173 741 271 780 percanora
283 726 420 766 absolutionis
433 725 566 770 obtinendae,
586 731 607 763 et
624 724 707 762 nonnisi
723 730 809 762 eatenus
822 725 847 762 ad
859 738 923 774 opera

114 788 257 828 satisfactoria
268 787 347 839 referri
357 793 438 837 potest,
457 792 558 837 quatenus
576 788 657 838 spirita
671 788 820 837 poenitentiae
837 785 922 837 peragi·

113 855 154 895 tur,
166 863 205 890 nec
216 850 332 888 remedium
344 850 411 886 solum
424 854 456 886 est
469 848 624 893 conversionis,
644 860 682 897 quo
699 847 771 884 futura
785 847 841 885 vitae
854 860 922 885 emen·

113 910 167 950 datio
179 912 270 956 facilior,
288 909 447 960 imo'possibilis
460 909 561 955 redditur,
580 909 617 947 sed
630 909 692 946 etiarn
703 908 808 947 vindictae
819 909 923 947 rationem

112 971 181 1019 habet,
193 978 264 1022 utpote
277 983 338 1021 quum
350 983 501 1022 saepenumero
513 971 597 1008 molesti
609 970 720 1020 acerbique
734 970 810 1020 aliquid
822 970 921 1008 continet.

376 1090 398 1144 3.
419 1089 559 1143 abbreviatio
580 1089 661 1144 sonrui.

185 1214 203 1267 ξ.
212 1212 261 1254 176.
270 1215 405 1254 Abbreviatio
418 1216 485 1254 somni
498 1228 562 1265 usque
575 1217 599 1254 ad
610 1216 661 1254 illud
673 1222 763 1265 tempus,
772 1215 825 1267 quod
837 1221 920 1254 restau-

70 1273 72 1275 ’
112 1276 184 1314 randis
202 1276 290 1314 hominis
308 1277 388 1315 viribus
401 1277 545 1316 necessarium
558 1284 601 1322 est,
620 1277 667 1327 quin
685 1278 718 1324 vel
737 1276 799 1315 animi
811 1278 874 1329 vigor
888 1278 922 1315 vel

114 1338 210 1387 corporis
221 1338 327 1384 valetudo,
346 1340 380 1377 vel
391 1339 471 1389 reliqua
483 1339 563 1376 demum
575 1339 645 1377 officia
660 1339 735 1389 aliquid
751 1339 871 1376 detrimenti
885 1351 921 1388 pa-

112 1399 201 1445 tiantur,
220 1412 364 1450 nonnunquam
377 1401 457 1438 utiliter
470 1413 481 1438 a
493 1400 623 1439 confessario
637 1401 744 1446 suadetur,
762 1399 803 1438 imo
814 1400 920 1450 praescri·

111 1460 168 1498 bitur
184 1474 221 1499 ceu
238 1474 289 1511 opus
305 1462 477 1500 satisfactorium.
496 1461 573 1499 Sedulo
589 1468 658 1499 tamen
676 1461 710 1500 hic
722 1461 877 1511 respiciendum
890 1467 922 1498 est

113 1522 137 1559 ad
152 1523 278 1577 poenitentis
294 1529 383 1569 statum,
400 1523 558 1573 occupationes,
575 1522 671 1572 eorporis
687 1523 867 1568 constitutionem,
882 1534 921 1561 nee

111 1594 162 1628 non,
180 1584 200 1621 in
219 1590 316 1634 quantum
329 1584 445 1622 diuturnior
463 1596 548 1622 soranus
561 1585 585 1623 ad
596 1584 679 1634 pcccati
690 1584 858 1623 commissionem
874 1595 921 1622 coo·

111 1645 183 1694 perari
193 1645 266 1695 possit.
284 1645 420 1695 Experientia
433 1646 486 1683 enirn
500 1646 570 1691 docet,
587 1646 687 1696 quaedam
699 1652 787 1695 peccata
799 1646 823 1684 ab
840 1646 866 1683 iis
879 1657 921 1682 nra·

111 1704 165 1743 xime
178 1706 280 1745 committi
291 1707 371 1753 solere,
390 1707 423 1757 qui
441 1707 547 1744 insomnes
565 1707 642 1745 diutius
653 1706 674 1743 in
686 1707 741 1745 lecto
758 1713 921 1745 commorantur.

110 1766 208 1816 Inprimis·
220 1774 291 1805 notum
303 1774 346 1813 est,
365 1781 425 1818 quam
436 1768 577 1818 periculosum
596 1768 721 1816 sitjurcnili
733 1769 806 1814 aetati,
827 1780 921 1820 somnum

110 1827 130 1864 in
143 1829 228 1867 multum
241 1829 294 1867 diem
306 1829 436 1879 producere,
454 1830 498 1875 vel,
518 1829 570 1879 quod
582 1830 641 1879 pejus
654 1835 697 1874 est,
715 1829 734 1867 si
746 1830 791 1879 quis
803 1830 836 1866 vel
848 1841 920 1866 somno

107 1887 151 1937 jam
163 1890 270 1937 discusso,
285 1891 319 1928 vel
331 1891 405 1929 blando
417 1903 493 1941 sopore
506 1891 645 1935 constrictus,
654 1891 735 1943 plumis
749 1890 861 1929 inhaerere
873 1903 920 1940 per-

111 1950 148 2001 git.
162 1951 294 2002 Quapropter
305 1952 460 2003 poenitentibus
473 1952 497 1990 de
508 1952 626 2001 hujusmodi
637 1958 724 2002 peceato
737 1965 760 1990 se
772 1951 921 1991 accusantibus

110 2014 230 2061 praescribi
240 2014 327 2063 poterit,
346 2020 370 2067 ut
380 2015 457 2053 lectum
470 2026 510 2052 non
522 2013 581 2063 prius
594 2014 678 2058 adeant,
697 2013 739 2051 nisi
750 2026 822 2052 somno
830 2013 874 2063 jam
886 2025 920 2051 su-

109 2075 252 2122 perveniente,
265 2081 384 2125 atquetum,
397 2076 477 2126 quando
490 2087 561 2112 somno
575 2082 672 2114 cessante
685 2076 739 2113 mala
751 2075 921 2125 concupiscentia

110 2134 131 2172 in
142 2134 168 2172 iis
181 2136 285 2187 evigilare
303 2137 358 2174 forte
374 2137 469 2187 incipiat,
486 2138 610 2187 quantocius
625 2138 703 2175 lectum
720 2137 845 2187 relinquant.
863 2135 920 2183 Quae

109 2196 134 2233 de
145 2196 199 2235 lecto
214 2198 320 2236 surrectio
328 2198 373 2246 ipso
382 2199 451 2237 noctis
463 2204 556 2248 tempore
564 2199 611 2236 fieri
620 2204 699 2248 potest,
712 2198 814 2235 nisiforte
825 2197 919 2246 reliquae

109 2265 204 2308 exparte
216 2257 330 2297 habitaculi
342 2258 514 2297 circumstantiae
527 2260 617 2297 obstent.
631 2258 690 2307 Quid,
703 2259 721 2296 si
732 2265 831 2308 peccator
844 2264 920 2309 surgat

108 2318 211 2371 flexisque
227 2320 315 2372 genibus
331 2321 437 2370 supplices
450 2321 474 2358 ad
486 2322 554 2358 Deum
566 2332 641 2370 preces
653 2320 738 2358 fundatl
756 2319 778 2358 S.
791 2320 919 2358 Francis‘eus

110 2380 205 2420 Salesius
218 2382 242 2420 de
253 2381 294 2421 hoc
305 2382 397 2420 remedio
410 2387 492 2420 monet:
511 2382 571 2420 „Nox
582 2381 702 2419 dormitioni
713 2387 746 2418 est
757 2381 886 2426 destinanda,
900 2386 920 2419 et

108 2442 244 2492 impendenda
252 2443 428 2494 unicuiquejuxta
439 2456 498 2481 suam
510 2443 681 2492 complexionem,
694 2449 792 2493 quantum
801 2443 883 2481 scilicet
895 2443 919 2481 ad

108 2504 188 2542 utiliter
200 2518 237 2555 per
250 2505 303 2543 diem
315 2505 465 2557 invigilandum
477 2505 600 2555 requiritur.
624 2506 651 2542 Et
663 2505 759 2554 quoniam
772 2517 847 2543 sacrae
860 2503 919 2542 Scri·

107 2570 182 2611 pturae
195 2566 285 2604 diversis
297 2567 317 2604 in
329 2567 383 2605 locis
396 2574 417 2605 et
428 2567 506 2612 modis,
525 2567 641 2617 exemplum
654 2565 782 2604 Sanctorum
794 2573 815 2604 et
825 2566 919 2603 rationes

107 2628 215 2665 naturales
234 2628 335 2666 matutina
353 2629 478 2679 crepuscula
494 2628 556 2666 unice
576 2635 595 2666 et
613 2627 666 2665 mire
684 2628 744 2665 nobis
764 2627 918 2670 commendant,

107 2684 164 2723 velut
176 2689 274 2737 optimam
286 2696 307 2727 et
318 2690 509 2728 fructuosissimam
522 2689 563 2727 diei
574 2689 639 2727 totius
650 2695 743 2739 partem,
756 2694 776 2726 et
788 2689 836 2739 qnia
847 2687 918 2725 Domi·

108 2755 146 2781 nus
158 2747 203 2795 ipse
212 2749 249 2787 Sol
261 2751 332 2789 oriens
345 2757 366 2788 et
376 2752 438 2790 beata
450 2751 518 2802 Virgo
531 2753 614 2789 Aurora
627 2762 760 2801 consurgens
771 2750 792 2787 in
804 2749 872 2787 literis
884 2760 921 2803 sa·—

109 2805 151 2843 eris
163 2815 258 2855 vocatur,
269 2812 318 2851 hinc
330 2814 417 2862 probum
430 2819 450 2851 et
461 2813 516 2863 pium
529 2825 577 2850 esse
590 2812 697 2856 existimo,
710 2823 798 2856 curare,
811 2817 834 2848 ut
844 2820 917 2858 respe-

107 2878 131 2904 re
143 2870 267 2916 tempestive
280 2873 372 2911 cubitum
384 2874 557 2919 conscendamus
567 2886 605 2924 quo
618 2886 698 2911 summo
710 2885 770 2910 mane
783 2870 917 2920 expergisca-

108 2940 164 2975 mur,
183 2935 203 2966 et
215 2935 282 2969 strato
295 2931 443 2986 exsurgamus,
468 2935 515 2974 Hoc
528 2941 586 2974 certe
598 2941 680 2984 tempus
693 2932 862 2971 amabilissimum
875 2937 918 2978 est,
