2017 3193
854 98 898 143 135

89 219 165 251 statum
177 213 277 250 moralem
289 225 328 249 non
341 213 368 251 sit
378 214 441 252 nimia
454 219 474 250 et
486 214 553 252 anxia.
566 218 659 254 Examen
672 228 683 253 a
696 213 828 253 confessario
838 213 898 251 insti-

88 275 186 312 tuendum
193 286 232 311 non
241 274 302 311 debet
310 287 356 313 esse
368 274 535 319 exactissimum,
548 278 584 314 sed
596 277 625 315 ita
637 276 815 315 adcommodatum
827 274 898 324 poeni·

89 335 149 379 tenti,
167 340 241 372 utnon
259 343 347 386 generet
358 333 511 381 fastidinm‘⁷¹).
531 337 559 373 Et
576 338 599 373 P.
617 339 729 376 Anselmus
748 336 898 375 Reiffenstnel:

90 395 255 434 «confessarius
273 409 312 434 non
331 404 414 435 tenetur
429 395 551 434 examinare
566 397 704 445 poenitentem
724 397 824 449 inquisita
839 397 898 434 indu-

89 457 143 494 stria
155 463 175 494 et
187 457 319 496 exactissimo
333 459 440 502 examine,
457 457 494 493 sed
507 457 568 494 suavi
579 463 600 493 et
614 457 702 494 humano
714 460 779 497 modo.
798 458 899 497 Attendat

90 530 149 568 quam
161 518 257 564 maxime,
275 532 299 557 ne
312 533 348 569 per
362 517 543 569 interrogationes
560 530 610 555 snas
627 518 732 556 confessio
747 521 807 557 nimis
822 518 898 571 gravis

90 586 110 617 et
122 579 193 617 odiosa
204 581 314 626 reddatur,
332 594 371 618 nec
383 592 433 618 ansa
452 579 513 616 detur
529 578 657 623 haereticis,
675 580 764 616 vocandi
777 581 833 618 illam
848 594 897 619 con-

89 703 245 754 interrogandi,
264 704 301 741 sed
313 702 392 739 ceteris
403 702 489 751 paribus
502 701 526 738 de
537 702 632 750 pluribus
644 701 791 752 interrogandi
803 709 850 739 sunt
860 704 897 740 mi-

90 776 128 801 nus
140 764 209 813 periti,
222 777 282 814 quam
295 763 357 808 culti;
375 763 455 812 pariter
468 762 503 812 qui
514 763 646 801 confessario
658 762 702 799 noti
714 774 754 800 non
766 768 821 807 sunt,
839 775 898 812 quam

90 837 175 875 quorum
187 824 336 863 conscientiam
355 836 381 861 ex
395 824 499 862 anteactis
514 824 681 861 confessionibus
698 824 751 861 satis
766 830 899 873 perspectam

88 886 160 932 habet3
173 899 236 935 porro
248 885 281 935 qui
293 898 356 929 raro,
372 897 432 935 qnam
449 885 482 934 qui
497 885 628 933 frequentius
647 884 772 922 confitentur
788 891 827 922 etc.
843 885 899 922 Nun-

89 960 148 997 quam
161 953 228 999 autem
241 946 336 984 examino
350 946 500 994 poenitentium
519 946 576 984 abuti
587 946 637 984 lieet
651 946 672 983 in
688 946 759 991 finem,
775 958 835 996 quem
851 946 899 983 abo·

88 1008 205 1046 minabilem
224 1007 323 1058 designat
338 1007 401 1044 lllrst.
416 1008 443 1044 D.
457 1007 552 1044 Joannes
568 1007 651 1052 Sailcr,
666 1006 785 1057 Episcopus
802 1007 899 1045 Ratisbo-

88 1069 171 1107 nensis:
185 1068 238 1106 „Die
251 1067 412 1106 Geheimbeicht
423 1067 472 1105 darf
480 1068 513 1105 nie
526 1069 557 1105 als
571 1070 650 1106 Tortor
663 1068 699 1105 des
715 1068 773 1106 nicht
790 1069 899 1106 behennen

88 1129 215 1166 Wollenden
226 1128 346 1166 betrachtet
356 1130 397 1167 und
409 1130 496 1166 beni'rtzt
507 1130 594 1167 werden
601 1145 607 1175 ς
623 1130 674 1167 eben
692 1141 715 1166 so
727 1129 760 1167 nie
778 1131 808 1167 als
820 1130 899 1167 Kunst-

89 1191 142 1242 griff
151 1190 192 1227 und
203 1190 450 1240 Beberrschungsmittel
462 1190 498 1227 der
512 1189 646 1228 Gewissen.’'

163 1247 189 1298 3)
201 1251 295 1301 Denique
307 1251 347 1289 hue
359 1258 441 1300 spectat
452 1258 588 1300 praeceptum
600 1251 769 1301 ecclesiasticum
781 1252 805 1289 de
817 1264 857 1289 non
868 1252 899 1289 in-

89 1312 189 1363 quirendo
202 1312 302 1361 complice
314 1313 403 1361 peccati,
416 1313 468 1362 quod
480 1312 554 1350 literae
566 1312 722 1361 jurisdictionis
737 1313 758 1350 in
776 1312 899 1351 Archidice-

90 1374 133 1412 cesi
155 1373 272 1410 Viennensi
294 1373 339 1410 dari
361 1373 435 1410 solitae
458 1374 572 1411 secundum
594 1374 683 1412 Constit.
708 1374 818 1411 Benedict.
841 1373 898 1411 XIV.

89 1432 109 1473 2.
125 1433 184 1472 Junii
197 1430 263 1479 1746,
276 1446 327 1483 quae
338 1433 424 1484 incipit:
443 1434 496 1473 „Ubi
510 1434 612 1483 primum’'
628 1441 649 1472 et
663 1431 683 1473 9.
697 1435 810 1473 Decembr.
830 1430 898 1472 1749:

91 1495 220 1544 „Apostolici
232 1495 357 1538 ministerii'
374 1494 407 1532 his
418 1495 490 1533 verbis
502 1494 611 1533 exhibent:
631 1496 675 1534 ‚nte
691 1496 764 1533 ovibus
782 1507 845 1533 curae
862 1507 898 1532 no-

89 1563 147 1594 strae
159 1556 286 1594 concreditis
306 1555 451 1594 offendiculum
463 1562 557 1605 paretur,
574 1558 609 1595 uhi
626 1557 683 1594 salus
700 1569 711 1593 a
727 1556 811 1594 Christo
830 1556 899 1606 posita

90 1624 129 1662 est,
142 1624 163 1653 et
174 1617 198 1653 ab
211 1630 235 1654 eo
248 1617 329 1654 divinae
347 1617 506 1655 misericordiae
521 1617 578 1655 fonte
590 1618 638 1655 illae
654 1624 777 1655 avertantur
789 1630 813 1654 ac
829 1618 898 1655 deter-

89 1684 184 1722 reantur,
197 1678 221 1716 ad
234 1690 293 1727 quem
306 1678 330 1715 ab
343 1678 415 1715 eodem
431 1678 571 1726 Redemptore
583 1685 656 1716 nostro
670 1679 694 1716 ad
714 1679 826 1716 abluendas
844 1678 899 1715 deal-

89 1739 208 1788 bandasque
219 1739 239 1775 in
252 1738 355 1789 sanguine
367 1750 405 1776 sno
421 1738 501 1776 animas
514 1738 656 1777 amantissime
667 1738 790 1783 invitantur,
802 1739 899 1790 graviter

90 1806 111 1837 et
122 1799 218 1837 districte
231 1800 268 1837 snb
281 1799 344 1836 divini
356 1798 431 1846 judicii
445 1799 626 1845 interminatione,
645 1806 706 1849 atque
721 1801 741 1837 in
757 1800 836 1838 virtute
851 1812 898 1837 san-

90 1868 136 1898 ctae
148 1860 278 1897 obedientiae
289 1860 327 1897 tibi
338 1859 479 1909 prohibemus,
491 1873 516 1897 ne
529 1862 659 1909 poenitentes
675 1861 713 1897 sub
729 1861 801 1911 quovis
818 1861 898 1911 cogita-

79 1922 125 1959 -bili
142 1927 262 1970 praetextu,
281 1921 315 1970 qni
331 1928 440 1969 peccatum
458 1922 491 1958 vel
509 1921 588 1959 crimen
607 1922 689 1973 aliquod
704 1922 797 1959 confessi
813 1922 899 1966 fuerint,

89 1982 148 2030 cujus
160 1981 239 2019 socium
250 1983 284 2018 vel
295 1982 365 2018 socios
377 1981 495 2026 habuerint,
508 1982 552 2018 sive
563 1983 584 2019 in
595 1975 846 2020 tribunaliPoenitentiae
854 1982 899 2019 sive

89 2048 149 2080 extra
160 2041 210 2078 illud
222 2042 358 2092 interrogare
371 2042 456 2086 audeas,
469 2048 504 2079 aut
515 2054 639 2091 praesumas
655 2043 679 2079 de
696 2043 779 2080 nomine
790 2043 843 2081 socii
862 2054 899 2079 seu

89 2101 204 2151 complicis,
216 2102 240 2139 de
252 2103 298 2139 loco
310 2102 451 2147 habitationis,
463 2103 497 2139 vel
508 2102 555 2140 aliis
563 2104 720 2152 quibuscunque
733 2102 899 2141 circumstantiis

89 2162 180 2210 ejusdem
193 2162 300 2210 complicis
312 2161 503 2200 manifestationem
522 2164 709 2207 concernentibus;
725 2163 815 2212 alioquin
827 2169 847 2200 te
862 2175 898 2199 no-

88 2223 145 2261 veris
158 2223 213 2259 ultra
223 2222 307 2272 peccati
317 2221 401 2260 lethalis
413 2223 521 2261 incursum
534 2224 596 2262 etiam
608 2224 633 2261 ab
645 2223 706 2272 hujus
719 2223 853 2262 Sacramenti
864 2223 898 2262 ad·

89 2282 241 2323 ministratione
254 2296 266 2320 a
277 2283 336 2320 nohis
349 2284 493 2333 suspensioni,
512 2297 603 2322 necnon
616 2285 662 2322 aliis
674 2285 808 2336 gravioribus
826 2284 899 2334 poenis

88 2344 238 2399 subjiciendum
249 2342 341 2392 fore²].’⁷

162 2407 193 2445 Ad
205 2406 258 2444 hanc
270 2406 379 2443 materiam
391 2406 543 2444 dilucidandam
555 2407 664 2457 sequentia
676 2409 767 2446 notanda
779 2408 875 2445 veniunt:

163 2470 186 2516 a]
198 2467 307 2517 Nunquam
318 2467 368 2505 licet
380 2467 511 2506 confessario
530 2467 610 2506 directe
627 2468 734 2518 inquirere
751 2469 773 2506 in
787 2481 899 2518 personam

90 2530 205 2581 compliciS,
218 2529 327 2581 obligando
339 2530 487 2578 poenitentem,
505 2535 540 2567 ant
551 2531 614 2568 etiam
625 2530 742 2576 invitando,
759 2537 782 2579 nt
793 2530 823 2568 illi
834 2530 899 2568 mani-

90 2593 154 2631 festet
166 2591 287 2643 complicem
298 2591 319 2629 in
330 2590 376 2641 ipsa
388 2591 521 2630 confessione
533 2598 630 2643 tanquam
643 2592 773 2631 confessario
783 2590 810 2641 3).

163 2655 188 2702 b)
201 2653 285 2704 Quando
302 2653 411 2703 poenitens
426 2666 467 2692 non
481 2660 552 2704 potest
567 2655 685 2706 exprimere
701 2655 792 2705 speciem
810 2656 900 2706 peccati,

90 2715 131 2752 nisi
143 2716 276 2767 exprimendo
288 2728 411 2766 personam,
430 2729 475 2755 cum
494 2729 534 2767 qua
550 2717 658 2768 peccavit,
676 2723 726 2767 puta
737 2718 756 2755 si
768 2730 813 2756 cum
826 2730 900 2755 sorore

89 2810 294 2819 -ᾕ-

115 2860 130 2898 ¹)
139 2859 239 2894 Marianus
249 2862 272 2895 ab
286 2861 353 2905 Ange]¹
371 2880 395 2885 -
412 2865 428 2902 2)
444 2862 482 2895 cfr.
495 2861 515 2894 S.
527 2861 608 2906 Lignor.
625 2863 677 2895 Mor.
690 2861 734 2896 libr.
748 2865 765 2896 6.
778 2872 808 2897 nr.
821 2863 863 2895 [191.
875 2879 900 2885 ἡ

139 2910 155 2946 ³)
166 2907 205 2940 Gfr.
216 2911 236 2942 S.
247 2912 315 2944 Thom.
326 2911 398 2956 Opusc.
409 2912 438 2944 12.
449 2921 467 2955 q.
477 2912 494 2944 6.
