2017 3193
859 101 904 146 239

97 221 210 262 lectionem
221 221 255 258 vel
266 219 348 258 fructus
360 221 427 260 istius.
439 220 529 260 Proinde
541 223 670 272 poenitentes
679 234 729 261 suos
737 220 816 272 dirigat
828 219 910 258 confes·

97 284 167 322 sarius
186 282 211 320 ad
231 282 292 320 finem
303 282 415 322 universae
429 282 496 333 Legis
509 290 529 321 ct
540 285 714 333 Propheatarum,
727 282 859 322 dilectionem
870 282 912 319 Dei

98 352 118 383 et
129 344 226 394 proximi,
240 350 297 381 etex
310 343 478 383 consideratione
491 349 511 380 et
523 344 548 381 ad
560 346 729 383 consecutionem
739 344 802 393 hujus
815 343 863 380 finis
876 355 910 380 eo-

97 412 159 443 netur
170 404 244 442 fideles
255 404 355 444 inducere
368 406 393 444 ad
409 405 541 454 frequentem
552 416 612 442 usum
623 405 761 443 Sacramenfi
772 412 814 443 tam
832 403 908 442 Poeni-

97 466 176 504 tentiae
189 478 250 516 quam
260 466 409 505 Eucharistiae
417 481 423 511 ;
435 464 456 502 ni
466 464 506 502 hoo
519 465 564 510 fiat,
579 465 626 503 loco
642 466 720 503 solidae
734 467 819 516 pictatis
835 466 906 504 subin-

97 527 162 565 trabit
174 527 250 579 fragile
262 528 399 566 simulacrum
411 525 535 565 devotionis.

126 645 229 717 Regulae
242 648 265 701 in
279 645 448 700 determinanda
462 660 543 698 sacrae
558 644 727 698 Corumonionis
741 644 875 714 frequentia.

170 772 188 826 ξ.
202 770 251 813 164.
265 773 322 821 Quod
332 772 485 822 frequentiam
497 784 572 811 sacrae
590 770 745 809 Communionis
761 770 907 809 determinan-

70 844 73 847 ’
97 835 146 873 dom
158 836 240 880 attinet,
252 836 329 872 Patres
342 832 431 871 (tuncilii
443 833 561 871 Tridentini
581 839 652 883 optant
669 833 764 883 quidem,
784 845 795 869 a
811 832 908 870 fidelihus

97 896 218 947 frequenter
233 896 318 933 vitalem
329 906 404 944 panem
415 895 482 939 sumi,
499 901 532 932 ast
550 906 590 932 non
602 894 696 932 omnibus
710 894 795 932 eandem
810 895 908 945 regulam

97 958 249 1007 praescriptam
262 968 309 993 esse
320 956 405 1000 volunt,
424 956 471 1001 sed,
489 962 512 994 ut
523 955 615 994 fidelium
630 955 716 993 utilitati
733 961 753 993 et
772 955 909 993 Sacramenti

96 1017 229 1057 reverentiae
242 1018 371 1062 consulatur,
383 1017 403 1054 id
415 1017 551 1056 confessariis
564 1017 743 1055 determinandum
751 1017 872 1066 relinquunt
880 1015 905 1064 ¹).

98 1079 162 1129 Quem
173 1080 194 1117 in
206 1080 268 1117 tinem
280 1078 388 1129 sequentia
400 1077 532 1126 subjicimus:

172 1138 196 1188 1)
208 1140 317 1189 Respiciet
328 1139 424 1177 nimirum
437 1139 593 1184 confessarius,
606 1141 629 1186 a)
641 1139 749 1191 quornoo'o
762 1137 815 1177 talis
824 1151 907 1189 perso-

97 1214 126 1240 tta
137 1214 161 1239 so
170 1205 298 1252 praeparet,
312 1204 335 1239 et
344 1204 453 1251 qteotenus
464 1213 501 1250 per
513 1201 599 1252 negotia
611 1207 632 1238 et
643 1200 791 1251 occupationes
803 1213 827 1238 se
836 1212 907 1251 pruo-

95 1275 189 1314 poraro,
202 1265 315 1311 etprotios
323 1274 387 1310 opere
396 1265 474 1312 possit.
482 1263 566 1300 Dantur
578 1262 631 1300 enim
644 1261 823 1307 circumstantiae,
831 1274 883 1312 quae
895 1274 907 1299 a

97 1324 234 1374 frequentiori
247 1335 286 1361 usu
298 1329 406 1368 excusant,
418 1335 437 1360 v.
454 1336 475 1374 g.
493 1335 631 1373 personarum
649 1323 784 1372 locorumque
802 1322 906 1371 adjuncta,

98 1397 248 1434 saepenumero
261 1385 326 1422 moles
337 1384 477 1435 negotiorum,
491 1397 541 1434 cura
553 1384 693 1429 oeconomiae,
705 1384 808 1429 famulitii,
819 1396 859 1433 pax
871 1385 906 1422 do·

97 1447 192 1491 mestica‚
205 1446 286 1496 aliaque
297 1446 451 1495 impedimenta,
464 1458 515 1495 quae
528 1446 657 1495 frequentiae
666 1459 742 1485 sacrae
751 1445 906 1483 communionis

98 1508 188 1545 obstant.
200 1507 260 1545 Haec
272 1513 293 1544 et
303 1508 415 1556 poenitens
424 1508 539 1551 attendere,
551 1513 572 1544 et
583 1507 735 1552 confessarius,
748 1506 766 1543 si
777 1507 801 1544 de
809 1507 906 1556 frequen-

97 1567 159 1605 tioris
171 1567 326 1604 Communionis
339 1567 425 1604 consilio
439 1574 565 1616 quaeratur,
584 1568 719 1605 considerare
734 1567 801 1604 debet.
817 1568 841 1613 b)
856 1565 907 1612 Ono

97 1629 215 1664 intentione
231 1628 323 1675 semitm·
341 1628 371 1664 od
385 1628 525 1677 frequentem
549 1626 736 1665 Oommuntonem.
758 1628 830 1676 Neque
853 1627 907 1664 enim

96 1687 143 1724 finis
156 1699 203 1724 esse
216 1687 277 1724 debet
288 1686 394 1724 sensibilis
406 1686 496 1732 devotio,
509 1700 567 1725 amor
578 1687 683 1736 proprius,
695 1687 786 1731 vanitas,
799 1700 824 1723 ne
836 1686 906 1724 videa·

96 1754 130 1787 tur
143 1749 209 1787 ndnus
221 1748 305 1794 devota,
326 1748 450 1799 quarnaliae
468 1761 584 1799 personae,
607 1748 644 1787 sed
661 1747 773 1787 vehemens
792 1748 907 1799 reeipiendi

97 1810 177 1848 Christi
189 1810 315 1847 desiderium
328 1822 353 1847 ex
369 1809 472 1847 charitate
490 1811 617 1860 profectum,
636 1811 695 1859 cujus
710 1812 793 1848 flamma
808 1811 906 1848 succensi

97 1885 143 1912 eum
154 1873 260 1924 Propheta
272 1873 375 1911 dieamus:
389 1870 579 1920 „Queruadmodum
592 1872 698 1912 desiderat
710 1886 786 1912 cervus
799 1872 824 1911 ad
836 1872 906 1911 fontes

97 1949 203 1988 aquarum,
215 1937 244 1975 ita
255 1936 361 1975 desiderat
372 1936 440 1974 anima
451 1949 497 1975 mea
509 1937 534 1975 ad
546 1943 573 1982 te,
585 1933 676 1984 Deus2).
688 1936 719 1975 Ad
732 1936 863 1976 excitandum
875 1935 906 1975 vi·

96 2011 144 2037 vum
155 1999 211 2037 illum
224 2000 321 2037 ardorem
333 1998 383 2036 nihil
395 1999 463 2048 aptius
477 2012 524 2037 esse
536 2006 612 2049 potest,
625 2012 685 2050 quam
697 2000 738 2038 ista
747 1999 769 2038 S.
780 1999 906 2048 Chrysosto-

96 2061 124 2098 mi
143 2060 292 2099 consideratio:
317 2060 410 2110 „Cuique
429 2060 485 2099 fideli
502 2073 539 2110 per
556 2061 596 2100 hoc
614 2062 737 2110 mysterium
756 2073 778 2099 se
798 2061 907 2113 conjungit

97 2121 218 2169 (Christus)
226 2136 232 2167 3
245 2128 272 2166 et,
285 2134 337 2172 quos
349 2122 429 2174 genuit,
440 2135 478 2171 per
490 2135 513 2160 se
525 2122 603 2168 nutrit,
623 2135 689 2174 neque
708 2123 743 2162 alii
757 2123 834 2168 tradit,
847 2152 851 2160 .
865 2152 869 2160 .
882 2152 887 2160 .
900 2152 905 2160 .

96 2195 122 2222 ne
133 2183 162 2221 ita
174 2195 251 2235 segnes
264 2183 337 2228 simus,
349 2190 407 2221 tanta
419 2183 499 2235 dignati
511 2183 614 2222 charitate
632 2191 653 2223 et
669 2184 748 2223 honore
756 2199 762 2230 3
775 2212 779 2222 .
793 2214 797 2222 .
810 2214 815 2222 .
828 2213 832 2221 .
851 2196 904 2222 unus

97 2246 125 2283 sit
135 2246 194 2283 nobis
206 2245 272 2289 dolor,
284 2245 303 2282 si
313 2244 352 2282 hoc
365 2245 462 2283 alimento
475 2246 580 2295 spirituali
586 2246 705 2296 privemur”
716 2244 742 2293 ³).
756 2249 779 2293 c)
789 2244 904 2292 Quotnodo

94 2308 232 2358 propiciatio
243 2308 334 2357 spiritm
349 2318 398 2344 num
409 2307 476 2344 malae
487 2301 557 2344 veteri
572 2307 716 2345 consuetudini
735 2313 756 2345 et
770 2307 905 2357 passionibus

78 2411 80 2414 .
96 2368 232 2407 immoderate
243 2374 320 2419 pergat
330 2367 449 2418 indulgere,
462 2380 487 2405 an
498 2380 549 2405 vero
562 2380 598 2405 eas
613 2368 742 2407 mortificare
758 2370 848 2407 studeat.
866 2369 905 2418 Qui

96 2430 230 2481 gravioribus
241 2429 298 2467 vitiis
310 2429 426 2480 indulgent,
438 2441 503 2479 prava
514 2429 663 2468 consuetudine
675 2430 761 2476 irretiti,
778 2431 799 2468 in
812 2432 904 2470 occasio·

96 2503 121 2529 nc
132 2492 227 2541 proxima
239 2497 357 2537 versantes,
376 2491 450 2542 quibus
464 2503 516 2528 vera
532 2491 602 2529 cordis
621 2492 719 2530 contritio
737 2499 771 2530 sat
788 2492 849 2530 firma
863 2505 906 2530 non

96 2559 136 2599 est,
147 2554 248 2604 frequens
267 2552 382 2592 communio
397 2565 437 2591 non
453 2552 515 2591 facile
527 2552 632 2591 suadenda
644 2560 686 2599 est,
702 2554 743 2592 nisi
759 2554 865 2593 sincerum
881 2566 906 2592 ex

95 2621 230 2659 peecatorum
242 2628 306 2654 coeno
319 2615 442 2666 emergendi
454 2621 551 2652 conatum
563 2614 680 2653 adhibeant.
692 2617 830 2666 Frequentior
845 2616 905 2654 Com·

95 2675 164 2711 munio
182 2676 321 2725 praeferenda
338 2676 423 2720 rariori,
442 2675 479 2713 sed
494 2682 515 2713 et
529 2677 662 2714 reverentiae
679 2676 813 2715 Sacramenti
831 2689 905 2716 consu-

95 2730 177 2771 lendum
189 2744 229 2783 est,
242 2737 301 2785 cujus
314 2737 432 2775 aestimatio
447 2736 583 2781 imminuitur,
602 2737 620 2774 si
635 2750 661 2775 ex
677 2750 702 2775 ca
719 2750 760 2776 non
775 2738 904 2787 proficiatur.

96 2819 296 2833 '‘R—-

121 2876 136 2916 1)
143 2875 244 2956 qllattqlelhis.
261 2882 317 2915 Rern.
330 2883 351 2914 P.
361 2882 385 2914 Π.
396 2890 413 2914 c.
423 2882 441 2913 ¹4.
452 2890 470 2923 q.
480 2879 510 2912 ho.
519 2897 543 2902 -
552 2882 568 2918 ²)
577 2879 642 2913 Psalm
656 2881 705 2913 XLI.
714 2896 737 2904 -
750 2883 766 2919 ³)
775 2880 831 2913 Hom.
844 2881 874 2912 82.
887 2878 905 2912 in

144 2934 151 2956 r
166 2933 177 2955 a
209 2948 213 2956 .
