1991 3193
33 117 63 154 Vl

33 237 107 289 nullo
121 255 174 287 non
188 244 304 301 tempore
317 252 413 301 magno
428 234 515 285 studio
529 233 556 283 id
570 235 635 300 egit,
649 240 678 284 ut
691 233 842 287 Sacramen-

33 330 90 372 tum
108 320 287 373 Paenitentiae
308 327 397 370 sancte
415 319 639 369 administraretur
654 326 679 369 et
693 337 708 368 a
720 322 842 387 profana-

34 408 104 458 tione
117 413 342 473 praeservaretur,
368 424 422 456 non
436 424 451 455 a
463 405 659 472 poenitentibus
674 405 772 469 solum,
799 409 843 475 qui

34 492 133 561 grande
147 492 283 559 negotium
296 498 418 542 aeternae
433 490 524 541 salutis
539 508 601 541 suae
615 490 772 542 detestanda
785 509 843 542 cum

33 578 156 628 vecordia
171 584 296 642 tractant,
324 577 371 627 sed
391 578 469 627 etiam
488 596 504 627 a
523 576 711 627 Sacerdotibus
731 578 842 629 indoctis

34 671 78 714 aut
92 664 172 714 officii
183 663 379 730 negligentibus
393 663 485 713 inferri
498 663 582 714 solita.
609 662 673 724 Quis
688 663 757 713 enim
768 664 843 730 igno-

32 756 86 813 rat,
113 757 237 817 quantam
253 748 374 799 Ecclesia
393 749 420 798 in
441 749 559 800 Concilio
579 750 733 799 Tridentino
752 748 839 800 Sacra·

32 836 115 886 menti
126 835 307 885 Poenitentiae
321 852 410 885 curam
423 835 543 901 gesserit,
563 842 592 884 ut
606 835 759 885 confessarii
772 836 844 886 istud

32 921 226 972 misericordiae
241 920 448 984 Sacramentrmi,
475 922 508 971 ad
525 921 764 972 reconciliationem
781 935 842 989 peo-

34 1014 151 1058 catorum
166 1007 253 1056 divina
267 1007 405 1057 clementia
417 1014 612 1073 praeparatum,
639 1007 738 1057 eisdem
749 1003 843 1058 redde-

32 1100 92 1142 rent
104 1110 132 1142 re
145 1094 203 1159 ipsa
215 1093 339 1156 salutare,
366 1110 476 1159 seseque
489 1099 656 1160 praestarent
676 1093 768 1143 fideles
791 1094 841 1143 dis-

32 1185 186 1245 pensatores
213 1179 400 1247 mysteriorrun
419 1178 486 1229 Dei?
512 1179 604 1246 Neque
623 1185 677 1228 tam
697 1179 774 1228 facile
796 1186 842 1242 est,

32 1271 111 1331 prout
130 1265 211 1332 vulgo
232 1265 359 1328 creditur,
386 1265 497 1314 aliorum
516 1265 692 1315 conscientiae
715 1264 843 1315 arbitrum

33 1367 120 1416 agere,
148 1351 194 1400 sed
211 1351 288 1400 valde
302 1351 419 1415 arduum,
433 1351 470 1400 ita
484 1351 601 1418 quidem,
627 1358 657 1400 ut
670 1349 842 1405 ministerium

32 1436 82 1485 hoc
96 1436 151 1486 01110
164 1437 274 1502 praevia
286 1436 466 1500 instructione,
494 1436 548 1486 sive
561 1435 714 1503 regularum
726 1422 842 1485 insacro

32 1522 158 1572 tribunali
171 1522 359 1572 servandarum
373 1523 534 1589 cognitione,
549 1529 575 1572 et
588 1522 647 1572 illas
662 1521 740 1572 variis
753 1521 842 1588 poeni-

32 1608 144 1657 tentium
160 1608 354 1658 infirmitatibus
372 1608 522 1676 adplicandi
539 1614 594 1658 arte
610 1609 654 1658 vix
673 1608 783 1657 feliciter
802 1624 842 1657 ce·
907 1675 909 1678 y

33 1693 95 1743 dere
107 1693 201 1759 possit.
226 1694 326 1743 Morbis
341 1695 459 1761 corporis
472 1695 573 1761 peritus
586 1694 717 1756 medicus,
744 1692 842 1743 morbis

32 1778 133 1828 animae
146 1780 245 1846 peritus
259 1780 378 1829 medetur
392 1780 578 1830 confessarius.
593 1780 738 1846 Utriusque
746 1785 786 1829 est
794 1779 842 1829 ob-

32 1864 131 1931 ligatio,
146 1866 179 1915 acl
192 1883 286 1915 munus
302 1867 452 1916 obeundum
465 1867 624 1916 instructum
637 1867 769 1928 accedere,
788 1879 843 1914 nou

32 1967 95 2000 vero
110 1951 225 2001 ornando
240 1952 355 2001 debitam
368 1952 488 2002 notitiam
502 1965 607 2019 capere,
624 1970 671 2015 ne,
689 1951 843 2019 priusquam

33 2035 191 2100 addiscatur,
218 2037 289 2104 quod
303 2037 439 2087 sciendum
453 2045 500 2100 est,
528 2039 560 2088 ab
574 2036 620 2087 illo
633 2049 703 2086 mors
718 2035 842 2104 corporis,

34 2122 67 2171 ab
80 2121 130 2172 hoc
143 2122 244 2172 animae
257 2129 421 2189 procuretur.

105 2207 166 2257 Non
180 2208 305 2271 diffiteor,
331 2208 445 2275 plurima
458 2226 537 2276 super
551 2209 601 2258 1100
613 2213 712 2275 puncto
726 2208 843 2258 virorum

32 2292 58 2341 in
65 2293 300 2359 repoenitentiaria
308 2294 545 2345 versatissimorum
554 2302 580 2345 et
590 2295 751 2344 eruditorum
761 2310 844 2360 opera

27 2376 85 2442 jam
102 2384 232 2443 prostare,
259 2380 354 2446 quibus
374 2381 558 2446 gravissimum
577 2379 730 2431 confessarii
747 2394 842 2429 munus

33 2461 116 2512 solide
129 2481 183 2513 non
196 2464 289 2524 minus,
304 2482 382 2530 quam
395 2465 494 2515 utiliter
509 2466 654 2533 exponitur.
669 2466 767 2516 Verum
777 2480 842 2530 quo-

32 2547 103 2597 niam
115 2548 142 2597 hi
154 2548 218 2599 libri
231 2550 328 2615 partim
341 2550 409 2600 mole
423 2568 471 2600 sua
483 2550 593 2600 multum
609 2550 707 2601 laboris
727 2549 841 2613 exigunt,

31 2633 128 2700 partim
142 2634 220 2684 etiam
233 2653 303 2685 nova
316 2636 445 2702 quaedam
460 2636 621 2701 desiderant3
647 2634 771 2686 brevitati
789 2639 842 2681 stu-

33 2719 98 2769 dens
112 2737 142 2769 ac
155 2720 261 2786 genium
275 2721 332 2771 aevi
345 2722 429 2771 nostri
443 2722 619 2785 considerans,
647 2719 779 2771 doctrinas
793 2735 841 2783 pro

32 2805 241 2856 confessionibus
256 2807 416 2873 excipiendis
430 2808 498 2857 scitu
510 2807 684 2866 necessarias,
699 2821 767 2871 quae
781 2820 842 2852 sen-

33 2890 364 2956 10111101110001101110110,
391 2894 417 2941 in
436 2893 540 2959 scriptis
561 2900 712 2942 sanctorum
725 2889 842 2946 Patrum,
866 2923 867 2926 =
