2017 3193
871 124 915 187 aaa

184 256 216 294 llli
235 263 295 302 vero,
314 258 347 308 qui
365 271 390 296 ex
407 270 487 307 ineptia
498 258 647 297 imbecillitate
658 264 757 309 peceant,
775 264 795 296 et
809 258 843 308 qui
854 258 917 295 vehe-

110 319 213 360 mentibus
226 326 247 357 et
258 319 323 358 terne
336 320 425 358 assiduis
438 319 586 357 tentationibus
600 320 715 371 agitantur,
728 332 768 358 non
781 325 830 357 sunt
841 318 862 357 in
873 320 917 357 lon·

110 394 159 435 gum
172 387 251 430 tempus
265 380 384 420 dimittendi.
410 380 447 418 Sic
460 379 513 417 euim
528 392 580 429 puer
592 381 683 418 secretis
696 387 795 419 assuetus
807 380 917 430 impudici-

109 444 152 487 tiis,
164 443 184 480 in
196 443 260 480 breve
273 449 352 492 tempus
365 442 490 485 dimittatur,
507 441 577 478 nevel
590 440 716 490 despondeat
728 442 824 488 aninmm,
837 442 871 480 vel
883 442 918 480 ubi

108 505 174 542 semel
186 504 294 543 tentationi
306 503 406 548 cesserit,
425 500 532 540 consuetis
545 513 593 539 sese
605 501 694 553 flagitiis
707 504 787 548 tradat,
804 516 843 542 non
861 504 917 541 ultra

109 567 134 604 ad
146 566 271 604 confessarii
281 566 345 615 pedes
358 574 473 607 reversus;
486 562 533 600 dum
546 575 556 600 e
569 569 654 607 contra,
667 563 685 600 si
697 575 723 600 ex
734 564 794 601 brevi
805 565 916 602 confessus

109 634 151 672 ost,
165 633 219 665 etex
230 627 320 666 brevise
332 627 409 664 iterum
422 622 572 662 confessionali
583 623 651 668 sistit,
671 630 712 661 tam
727 624 878 672 promissiones
891 626 915 663 ab

107 689 152 738 ipso
170 688 238 727 factae
251 700 309 739 quam
323 684 480 725 adhortationes
494 697 505 721 a
524 684 653 722 confessario
666 685 726 722 datae
740 684 806 722 adhuc
818 692 916 724 recentes

107 750 216 788 maximam
233 750 337 788 habebunt
355 746 381 801 inp
397 758 421 784 eo
443 745 498 790 vim,
522 745 652 795 validumque
677 751 738 783 erunt
759 752 833 784 contra
850 753 915 784 tenta-

108 810 183 850 tionem
201 810 321 849 subsidium¹

252 895 278 945 Bss
312 905 409 954 Quoad
441 905 555 943 modurn.

180 994 238 1042 Quod
249 992 331 1029 modum
344 990 427 1036 attinet,
446 1003 506 1040 quern
518 991 538 1028 in
550 989 590 1030 hac
601 1003 625 1029 re
638 1003 726 1028 servare
739 996 821 1028 tenetur
834 991 916 1030 confes·

106 1056 186 1100 sarius,
204 1052 312 1102 sequentia
323 1057 433 1089 notamus:

179 1117 202 1161 a]
215 1112 365 1151 Coniessarius
376 1112 507 1162 potissimum
520 1125 591 1151 curam
603 1113 689 1157 habeat,
702 1119 724 1150 ut
734 1112 843 1161 poenitens
854 1112 915 1150 intel-

105 1177 158 1227 ligat
170 1181 190 1212 et
202 1173 347 1219 convincatur,
360 1185 399 1211 nou
412 1185 437 1211 ex
449 1173 525 1223 impetu
539 1174 612 1219 animi,
629 1186 668 1212 non
682 1186 708 1210 ex
720 1185 849 1223 quacumque
862 1174 916 1211 mala

104 1237 210 1273 voluntate
222 1234 263 1283 ipsi
275 1233 355 1271 differri
367 1233 524 1271 absolutionem.
540 1234 595 1272 Hinc
607 1234 803 1283 exponendaesunr
813 1234 915 1278 rationes

104 1307 144 1333 etet·
157 1295 259 1332 absolutio
272 1294 389 1338 differatur,
403 1295 567 1344 curandumque,
586 1301 608 1332 ut
624 1294 733 1344 poenitens
746 1306 782 1331 eas
794 1294 914 1343 pervideat,

105 1368 129 1393 ac
140 1356 228 1404 probet:
247 1355 294 1403 quin
306 1355 346 1392 imo
358 1367 396 1403 pro
408 1354 489 1392 viribus
502 1354 644 1398 efficiendum,
662 1360 684 1391 ut
696 1366 754 1392 mora
766 1354 818 1392 haec
830 1354 912 1392 illinon

104 1416 186 1454 accidat
203 1415 327 1464 injucunda,
351 1427 396 1454 curn
418 1427 457 1453 non
482 1415 509 1452 sit
528 1415 582 1453 aliud
602 1427 661 1465 quam
680 1416 797 1453 clariritatis
816 1416 912 1464 effectos.

103 1476 213 1513 inferenda
230 1475 297 1526 igitur
316 1481 364 1512 suut
382 1476 451 1513 onmia
468 1475 503 1513 illa
519 1475 587 1520 bertii,
605 1488 656 1525 quae
669 1487 694 1512 ex
707 1475 770 1512 dilata
783 1475 912 1519 absolutione

103 1541 235 1586 promanant,
253 1542 274 1573 et
286 1549 296 1573 e
309 1542 383 1573 contra
395 1535 535 1580 detrimento,
554 1547 606 1584 quae
625 1549 650 1573 cx
665 1535 772 1583 impertita
787 1541 912 1579 nascuntur3

103 1609 126 1634 eo
146 1596 226 1646 quidem
243 1597 333 1641 monito,
352 1596 405 1646 quod
422 1596 505 1634 facilius
526 1603 584 1634 esset
602 1596 744 1641 confessario,
762 1596 913 1633 absolutionem

102 1658 179 1708 largiri
196 1657 278 1700 statim,
296 1669 320 1694 ae
339 1669 365 1694 ex
382 1649 406 1693 eo
425 1657 512 1705 petitur,
531 1669 591 1706 quam
610 1657 650 1693 sibi
664 1656 814 1693 necessitatem
825 1656 914 1703 injicere

102 1728 178 1754 recens
189 1716 312 1754 instituendi
324 1728 410 1753 examen
424 1716 567 1755 conscientiae
579 1728 662 1761 eorum,
681 1728 732 1766 quos
745 1715 815 1753 differt
826 1715 846 1753 in
861 1722 912 1754 tem·

103 1790 147 1828 pus.
165 1777 220 1816 Hinc
239 1784 337 1827 exponat,
355 1790 394 1817 nec
413 1778 494 1817 divinae
512 1777 631 1828 Majestati,
649 1791 687 1817 nec
700 1777 837 1828 evangelicae
850 1778 912 1817 disci-

102 1840 181 1888 plinae,
198 1851 236 1876 nec
254 1839 320 1888 ipsius
339 1839 465 1888 poenitentis
478 1840 541 1877 saluti
553 1852 683 1890 congruere,
701 1845 724 1876 ut
742 1839 817 1890 gravia
836 1839 913 1877 delicta

102 1900 164 1939 facile
175 1900 324 1947 remittantur3
343 1900 395 1950 apud
410 1901 478 1940 Deum
494 1913 533 1940 nou
549 1902 614 1939 solam
629 1900 755 1939 sententiam
768 1900 912 1946 sacerdotum,

102 1962 139 1999 sed
151 1962 213 1999 etiam
225 1974 309 2000 reorum
321 1962 385 2000 vitam
397 1963 480 2012 quaeri,
502 1963 515 2000 i.
529 1975 557 2006 e.,
576 1962 751 2006 emendationem;
769 1962 821 2011 quod
838 1974 911 2011 corpo·

102 2022 160 2060 ribus
173 2028 205 2065 est
217 2022 321 2068 medicus,
338 2023 377 2062 hoc
395 2023 502 2062 animabus
520 2036 568 2062 esse
584 2023 730 2061 Poerritentiae
748 2022 869 2068 ministr0s3
887 2022 911 2061 de

101 2096 163 2122 manu
182 2096 254 2121 eorum
273 2084 410 2135 requirendas
423 2097 471 2123 esse
484 2086 574 2131 animas,
593 2097 679 2135 quarum
697 2085 819 2122 vulneribus
837 2096 910 2134 oppor-

101 2152 150 2183 tuna
168 2144 319 2184 medicamenta
334 2158 374 2184 non
390 2147 538 2197 apposuerint3
555 2147 601 2185 ideo
614 2146 695 2185 differri
707 2145 870 2189 absolutionem,
888 2151 909 2183 ut

101 2206 241 2258 poenitentiae
253 2207 328 2259 dignos
340 2208 422 2246 fructus
435 2209 499 2247 faciat
511 2215 617 2259 peccator,
631 2215 652 2247 ot
663 2208 694 2246 sic
706 2208 800 2258 perfecte
809 2220 820 2245 a
828 2207 910 2256 peccati

102 2269 213 2308 occasione
226 2276 247 2307 et
257 2269 364 2319 improbae
376 2270 432 2308 vitae
444 2270 594 2309 consuetudine
607 2283 630 2308 se
643 2269 755 2314 subducat,
773 2274 795 2306 ut
808 2281 847 2318 per
859 2268 908 2307 reli-

102 2343 162 2380 quum
173 2331 229 2369 vitae
241 2337 321 2381 tempus
333 2331 416 2370 facilius
429 2344 440 2369 a
452 2331 546 2381 peccatis
559 2332 671 2376 abstineat,
683 2331 736 2368 etin
749 2336 823 2369 sancto
834 2343 909 2381 propo-

102 2392 143 2430 sito
155 2400 285 2443 perseveret.

174 2455 199 2502 h)
212 2454 323 2507 Suggerat
333 2454 422 2500 monita,
435 2461 456 2493 et
468 2455 566 2500 consilia,
579 2461 599 2492 et
611 2454 688 2500 inedia,
704 2454 778 2505 quibus
791 2467 814 2492 se
827 2454 852 2492 ad
863 2466 910 2504 pro·

101 2515 176 2553 ximam
196 2516 349 2555 confessionem
367 2529 509 2567 praeparare,
534 2523 554 2554 et
571 2516 654 2555 fructus
673 2529 698 2554 ex
718 2515 817 2554 dilatione
836 2528 911 2565 capere

101 2577 204 2624 possitae
217 2577 297 2616 debeat.
316 2577 386 2627 Quare
398 2578 537 2632 poenitentem
549 2584 641 2623 moneat,
661 2584 682 2615 ut
700 2577 783 2616 interea
798 2590 810 2615 a
825 2578 911 2627 relapsu

102 2647 124 2672 se
137 2638 250 2684 custodiat3
262 2639 296 2678 bic
309 2640 362 2678 enim
375 2646 407 2678 est
419 2640 466 2678 finis
479 2646 499 2677 et
511 2639 594 2678 fructus
606 2639 744 2678 absolutionis
757 2639 833 2677 dilatae
846 2644 866 2676 et
877 2651 910 2675 re·

101 2696 161 2747 gula,
179 2709 241 2746 quam
252 2701 395 2739 confessarius
407 2702 427 2739 in
441 2702 566 2740 absolvendo
578 2701 724 2752 postmodum,
742 2707 778 2739 aut
788 2711 864 2738 rursus
877 2711 909 2736 re-

101 2755 199 2794 mittendo
211 2761 330 2807 poenitente
344 2763 403 2813 sequi
415 2763 486 2809 dehet,
504 2769 527 2801 ut
539 2763 672 2802 occasionem
684 2763 800 2812 proximam
812 2762 909 2809 relapsus

100 2816 178 2868 fugiat,
196 2831 282 2870 eamque
297 2824 368 2874 fugam
387 2824 428 2862 sibi
442 2825 595 2875 praescriptam
611 2836 658 2862 esse
671 2824 735 2867 sciat,
753 2830 849 2872 tanquam
861 2833 909 2858 con-

100 2878 197 2916 ditionem
210 2880 347 2922 absolutionis
359 2892 433 2935 postea
445 2886 576 2924 obtinendae.
593 2886 694 2923 Remedia
711 2885 752 2935 ipsi
769 2881 909 2933 praescribat,

101 2939 173 2991 quibus
192 2952 280 2990 sperare
298 2945 366 2992 possit
383 2959 395 2984 a
412 2947 507 2997 peccatis
525 2947 569 2985 suis
580 2946 741 2990 retrahendum,
760 2952 779 2983 et
792 2944 909 2989 contraria,
