2030 3193
831 100 858 143 37

56 229 89 266 via
100 222 187 262 lectione
198 216 231 254 vel
243 214 323 252 aliunde
334 215 410 253 hausta
422 219 461 257 est,
479 213 523 250 sive
536 226 572 262 ope
584 213 748 265 imaginationis,
767 213 813 269 sive
822 225 859 262 per

57 289 115 329 fidem
125 284 145 320 in
157 278 264 317 intellectu
275 298 305 303 -—
317 277 369 326 quod
388 272 481 321 cujusvis
494 274 580 312 arbitrio
592 274 730 326 relinquitur,
748 270 860 330 accedunto

55 348 181 400 proponatur
193 350 232 377 non
244 338 312 383 aliter,
325 350 349 377 ae
361 336 379 375 si
391 332 521 383 mysterium,
534 335 585 383 quod
596 337 726 386 perpendere
740 336 859 387 cogitamus

56 417 131 446 revera
143 414 213 441 eoram
224 399 283 437 nobis
294 403 443 450 perageretur.
460 395 556 444 Exempli
568 397 650 446 gratia:
662 399 774 436 Dominum
786 397 861 435 Jesum

54 472 75 508 in
87 477 149 505 cruce
161 463 224 500 fixum
235 461 388 503 meditaturus,
405 456 474 507 finges
487 461 507 492 te
519 456 540 493 in
551 463 621 493 monte
637 458 747 498 &alveriae
759 470 860 509 praesen-

55 538 96 568 tem
109 527 193 570 adesse,
211 530 232 560 et
244 522 339 573 quidquid
350 521 370 557 in
383 518 415 555 die
426 516 530 566 passionis
543 516 620 554 factum
636 525 657 555 et
668 518 744 558 dictum
764 528 806 566 cst,
827 532 860 558 eo-

54 602 99 629 ram
111 586 178 625 oeulis
189 585 231 623 tuis
243 590 347 634 spectare.
365 581 407 617 nui
418 578 436 615 si
447 577 510 622 reliS,
527 578 689 629 imaginaberis,
707 593 730 618 eo
749 581 794 631 ipso
806 582 861 627 loco,

55 653 74 689 in
88 661 126 699 quo
138 655 160 686 tu
172 660 208 692 es,
226 644 309 683 Domini
328 639 485 679 crucifixionem
504 639 564 685 lieri,
583 651 606 677 eo
625 651 714 689 prorsus
732 643 802 688 niodo,
821 656 859 693 quo

55 724 100 749 eam
112 708 261 760 Evaugelistae
274 703 402 742 describunt.

128 768 147 809 2.
160 770 205 807 Hae
217 764 378 816 praeparatione
390 761 484 801 ltreriter
496 762 621 811 praemissa,
639 761 705 811 ipsius
720 763 860 802 meditationis

54 832 166 884 praecipua
177 840 227 879 pars
246 824 389 877 aggredienda
409 829 451 868 est,
470 834 521 872 quae
539 822 559 859 iu
577 822 659 861 actibus
677 829 720 861 turn
738 823 863 863 intellectas

55 902 97 932 tum
108 891 229 931 oolrtrrtotis
242 885 345 925 consistit,
363 886 386 921 In
399 884 480 922 actibus
493 884 574 933 quidem
588 884 721 930 intellectus;
740 885 863 933 mysterium

54 953 182 1005 propositum
194 947 319 992 meditando,
330 945 427 995 illiusque
445 944 547 982 veritates
564 945 775 995 circumstantiasque
791 959 862 985 omnes

55 1020 132 1052 attarute
145 1008 306 1052 considerando,
324 1008 446 1057 plerumque
458 1006 478 1043 in
490 1005 529 1044 hoc
542 1006 627 1056 negotio
647 1006 733 1044 multum
747 1006 862 1054 juvamur,

55 1078 179 1113 occurentes
202 1067 373 1109 circumstantias
396 1066 531 1113 attendendo,
550 1066 611 1115 jtruta
632 1074 702 1105 notum
720 1068 863 1107 versiculum:

56 1135 134 1183 „Quis,
152 1132 212 1182 quid,
230 1131 275 1176 uhi,
293 1130 367 1179 quihus
387 1129 483 1174 numius,
502 1141 550 1173 cur,
568 1130 682 1178 quomodo,
701 1130 801 1179 quando.⁷⁷
820 1130 862 1168 Ge-

54 1195 142 1234 neratim
156 1193 208 1231 haec
222 1191 329 1243 indagatio
345 1203 384 1228 non
402 1191 422 1228 iu
438 1202 516 1227 meram
534 1190 707 1239 speculationem,
725 1191 762 1228 sed
777 1192 798 1228 in
817 1192 862 1240 pios

55 1269 136 1306 semper
149 1254 209 1292 animi
222 1254 310 1291 affectus
323 1252 415 1297 desinat,
433 1252 506 1302 quibus
525 1252 620 1289 voluntas
633 1252 657 1289 ad
674 1251 777 1303 agendum
793 1264 862 1290 move-

54 1326 94 1357 tur.
112 1317 159 1354 Huc
177 1315 288 1365 praecipue
306 1320 402 1364 spectant
421 1315 523 1359 affectns;
547 1325 566 1350 u
584 1327 604 1364 g.
624 1313 702 1352 doloris
721 1314 861 1364 depereatis,

55 1378 134 1418 timoris
143 1377 269 1427 judiciorum
283 1375 411 1421 divinorum,
425 1376 469 1425 spei
480 1374 500 1411 in
513 1374 581 1412 diviua
593 1374 751 1420 misericordia,
764 1375 863 1415 desiderii

55 1440 134 1493 gloriae
148 1438 257 1484 coelestis,
270 1437 387 1476 dilectionis
400 1443 420 1475 et
432 1436 542 1476 charitatis
554 1436 573 1474 in
585 1437 653 1475 Deum
666 1437 823 1487 etproxinuun,
841 1445 862 1478 et

56 1501 89 1540 alii
101 1501 193 1547 similes,
211 1500 246 1550 qui
262 1500 282 1537 in
298 1501 405 1537 voluntate
423 1499 482 1549 ipsa,
499 1499 559 1537 lirum
574 1499 692 1549 producere
711 1505 731 1537 et
750 1501 861 1539 efformare

55 1563 128 1601 debent
139 1562 256 1613 proposita,
276 1567 317 1599 turn
330 1561 435 1599 devitandi
446 1567 544 1610 peecata,
561 1566 604 1599 tum
615 1561 705 1599 virtutes
718 1563 860 1609 consectandi,

56 1632 97 1663 tum
112 1625 173 1663 etiam
191 1623 262 1662 utendi
276 1623 350 1661 mediis
371 1623 394 1661 ad
413 1629 524 1673 utrumque
542 1622 671 1673 propositum
691 1624 859 1674 consequendum

55 1686 180 1736 opportunis.

125 1744 146 1786 3.
160 1746 373 1797 Subsequituripsius
380 1746 519 1784 meditationis
531 1745 647 1792 conclusio,
661 1757 712 1796 quae
721 1753 805 1786 constat
817 1753 860 1787 tum

54 1809 170 1861 gratiarum
184 1808 265 1847 actione
276 1820 313 1859 pro
333 1809 408 1860 gratiis
427 1808 446 1845 iu
465 1807 599 1846 meditatione
618 1808 725 1857 acceptis,
742 1815 785 1847 tum
804 1810 859 1848 obla-

55 1872 108 1909 tione
121 1871 232 1909 eorumlem
246 1871 357 1908 affectuum
370 1877 390 1907 ct
401 1869 563 1920 propositorum,
575 1881 616 1907 una
627 1882 674 1908 cum
685 1870 767 1908 meritis
780 1871 860 1910 Christi

53 1932 145 1978 Domini,
171 1939 212 1970 tum
232 1932 318 1981 denique
340 1932 501 1982 supplicatione,
526 1943 565 1981 qua
586 1931 651 1981 ipsius
673 1932 756 1982 gratiae
779 1933 859 1972 divinae

54 1993 180 2032 continuatio
193 2000 213 2032 et
225 1993 367 2046 augmentatio
379 1993 482 2031 instanter
494 1993 623 2043 postuletur,
641 1992 700 2043 cujus
719 2006 757 2045 ope
775 1994 796 2032 iu
811 2007 858 2045 pro-

53 2055 167 2105 positorum
179 2062 379 2105 praeconceptormn
392 2055 514 2093 executione
527 2055 616 2093 fideliter
628 2062 785 2105 perseveretur.

321 2174 415 2228 llateria
428 2173 590 2228 meditationis.

126 2300 143 2354 ξ.
157 2297 192 2340 24.
205 2303 315 2340 innumera
326 2302 386 2350 plane
399 2307 457 2347 sunt,
475 2313 527 2351 quae
545 2307 635 2339 mentem
650 2307 743 2340 nostram
759 2303 859 2353 piissimis

54 2375 106 2413 erga
116 2363 183 2401 Deum
197 2364 293 2402 sensibus
305 2363 393 2413 replent¹
410 2364 450 2400 Ast
467 2362 570 2401 veritates
583 2363 680 2401 divinitus
698 2364 805 2403 revelatae
817 2366 859 2415 pri-

53 2436 97 2462 mas
108 2430 179 2463 tenent
191 2432 276 2475 partes,
294 2437 380 2475 uriarum
400 2425 499 2475 quaedam
517 2424 611 2475 proxime
630 2428 731 2464 timorem
749 2427 782 2464 vel
800 2440 860 2478 spem

54 2491 145 2523 nostram
164 2488 269 2532 excitant,
287 2487 339 2524 aliae
358 2492 430 2536 suapte
449 2490 524 2525 natura
541 2486 631 2524 divirmm
649 2499 747 2526 [tortorem
764 2488 784 2526 iu
801 2489 860 2527 nobis

55 2548 182 2593 accendunt,
195 2555 237 2585 turn
249 2549 319 2594 illum,
333 2560 392 2599 quem
405 2559 496 2586 amorem
507 2548 662 2597 protituclinis,
676 2554 719 2587 tum
732 2561 792 2599 quem
804 2552 859 2588 clur-

54 2609 140 2646 ritutem
151 2616 233 2648 vocant.
246 2610 277 2647 Ad
288 2610 380 2659 priorem
394 2610 482 2648 classem
494 2611 615 2648 norissima
626 2613 705 2648 rtostra
713 2608 731 2659 ¹]
743 2611 859 2660 pertinent:

55 2668 79 2704 ad
91 2669 179 2707 classem
190 2683 242 2708 uero
254 2672 341 2708 alteram
353 2670 454 2719 mysteria
464 2671 625 2717 incarnationis,
642 2672 698 2709 vitae
718 2679 738 2709 et
755 2672 859 2722 passionis

55 2727 107 2767 desu
122 2730 211 2777 Christi,
228 2732 324 2770 instituta
343 2732 366 2769 al]
387 2745 410 2770 eo
430 2732 568 2771 Sacramenta
587 2739 626 2771 ete.
645 2733 731 2783 ipsaque
750 2733 858 2778 divinitas,

56 2788 113 2837 cujus
124 2791 204 2831 infinita
215 2793 325 2842 rrrajestas,
336 2794 426 2839 bouitas,
439 2794 541 2844 sapientia
553 2800 572 2832 et
586 2794 666 2845 reliqua
678 2795 789 2841 attributa,
802 2794 856 2832 serio

52 2876 238 2888 M

80 2921 94 2958 1)
104 2921 156 2956 ticet.
165 2924 207 2959 VII.
217 2925 247 2958 ld.
256 2927 315 2958 Deul.
324 2925 403 2959 XXXll.
413 2927 443 2959 29.
