2017 3193
802 109 830 151 39

31 234 108 276 vetoris
120 228 188 267 nostri
198 226 252 264 Jesu
261 226 339 264 Christi
351 223 451 263 dicentis:
465 226 511 263 „Tu
524 232 591 263 autem
604 236 650 263 cum
663 223 765 267 oraveris,
777 222 832 261 intra

27 299 50 337 in
63 291 178 335 cubiculum
189 295 257 334 tuum,
273 295 294 327 et
305 289 376 326 clauso
389 284 442 321 ostio
455 292 562 334 superte,
580 299 617 324 ora
627 286 713 323 Patrem
725 285 794 322 tumn⁷⁷
806 283 831 332 1).

103 354 125 400 c]
137 351 174 397 Ut,
192 356 301 400 antequam
318 350 365 399 ipsa
382 345 487 383 meditatio
504 346 626 394 inchoetur,
644 347 762 396 objectum,
780 346 833 396 quod

30 414 167 458 meditandum
179 418 224 458 est,
241 412 262 449 in
274 412 340 461 aliquo
359 408 392 458 pio
404 406 457 444 libro
469 407 528 456 prius
546 409 680 460 perlegatur;
699 408 752 459 quod
771 408 833 445 etiam

29 477 140 517 utilissime
151 475 199 512 fieri
209 480 282 523 posset
292 472 359 522 pridie
370 474 418 519 post
430 480 516 506 examen
528 469 648 515 serotinum,
661 471 723 509 etsie
737 481 768 514 ea,
781 482 833 519 qnae

29 536 161 578 meditatione
174 534 325 575 consideranda
336 537 397 575 sunt,
411 536 431 567 et
442 529 515 568 melius
527 529 635 567 intellectu
647 532 800 582 concipiantur,
813 537 834 568 et

29 599 124 639 tenacius
135 597 248 636 memoriae
261 595 401 636 adhaereant,
419 597 439 629 et
456 592 485 629 ita
497 590 656 642 evagationibus
676 599 695 629 ct
714 593 833 631 distractio-

29 662 88 700 nibus
101 659 168 697 aditus
181 658 246 696 omnis
259 654 387 694 occludatur

102 721 125 768 d]
138 721 165 758 Ut
175 718 301 770 praecipuus
312 716 333 752 in
345 714 512 753 meditationibus
530 715 589 753 locus
609 713 669 752 detur
688 714 797 753 affectibus
813 723 834 754 et

29 782 224 835 propositis,.quae
241 790 281 815 non
300 777 342 814 sint
358 775 419 814 nimis
437 776 558 827 generalia,
576 776 612 813 sed
631 776 795 814 circumstantiis
814 784 834 815 et

31 845 113 884 casibus
124 839 288 892 particularibus
300 844 479 888 attemperentur,
491 837 520 875 ita
531 844 554 875 ut
565 837 584 874 si
594 837 641 875 fieri
652 837 729 888 possit,
746 838 835 887 ipsamet

30 906 62 945 die
73 905 94 942 in
105 903 179 952 praxin
191 901 314 945 mittantur,
332 906 352 937 et
364 900 461 937 effectum
474 899 586 937 obtineant.
603 900 627 936 Ε.
640 912 661 950 g.
682 898 706 936 Si
716 899 737 936 in
748 899 834 936 medita-

30 968 85 1005 tione
98 964 171 1013 aliquis
184 961 264 1000 Christi
274 961 358 999 Domini
370 972 422 1011 erga
434 961 594 998 calumniatores
607 967 627 998 et
638 960 733 998 inimicos
746 961 835 998 clemen-

30 1029 80 1066 tiam
92 1031 112 1063 et
124 1024 248 1062 charitatem
261 1022 408 1067 considerans,
421 1022 446 1059 ad
463 1022 520 1059 illius
539 1022 654 1071 exernplum
674 1021 835 1060 consectandum

32 1088 147 1131 excitetur,
159 1090 301 1135 proponatque
314 1084 354 1121 sibi
366 1084 499 1121 adversarios
512 1084 608 1134 diligere,
619 1083 686 1133 iisque
698 1082 834 1121 benefacere:

30 1150 69 1187 hoc
88 1147 149 1185 etiam
167 1146 187 1183 in
205 1145 328 1195 particulari
347 1144 386 1183 sibi
404 1144 521 1182 faciendum
541 1150 643 1194 proponat
661 1156 714 1195 erga
729 1144 783 1182 hunc
801 1146 836 1182 vel

30 1211 97 1254 illum,
110 1220 121 1245 a
133 1220 171 1257 quo
183 1207 246 1244 talem
257 1206 354 1255 iujuriam
365 1218 441 1256 passus
454 1212 489 1243 aut
501 1207 600 1243 offensam
613 1206 704 1254 accepit,
723 1205 757 1243 vel
776 1205 834 1254 cujus

31 1270 119 1308 animum
131 1269 171 1306 sibi
182 1268 303 1317 nequiorem
315 1273 414 1317 expertus
431 1273 475 1312 est,
493 1273 516 1304 ut
534 1267 616 1305 scilicet
634 1279 679 1304 cum
695 1267 785 1316 ipsomet
803 1267 834 1304 die

32 1330 142 1369 convenire
155 1329 207 1379 apud
219 1341 242 1365 se
255 1329 360 1373 decernat,
372 1328 483 1378 verbisque
496 1328 521 1365 ad
532 1328 668 1379 mitigandum
681 1328 769 1365 aninumr
782 1329 835 1377 aptis

31 1392 116 1442 alloqui,
135 1397 156 1428 et
174 1390 236 1427 etiam
255 1390 321 1440 aliquo
335 1389 444 1428 charitatis
457 1389 525 1427 officio
538 1395 573 1428 aut
586 1389 684 1440 obsequio
702 1389 834 1439 praevenire.

104 1454 126 1499 e]
138 1452 233 1501 Denique
244 1458 267 1489 ut
279 1451 303 1489 ab
321 1452 414 1488 oratione
431 1463 471 1488 non
490 1451 560 1488 statim
579 1451 659 1488 animus
677 1450 698 1487 in
717 1451 834 1488 exteriores

32 1513 177 1563 occupationes
189 1518 245 1550 totus
258 1512 388 1556 effundatur,
401 1512 439 1549 sed
450 1512 559 1562 paulatim,
578 1518 599 1549 et
610 1512 628 1549 si
639 1512 660 1550 id
672 1512 777 1549 commode
789 1512 836 1549 fieri

33 1581 99 1624 queat,
112 1580 196 1611 servato
209 1574 357 1623 aliquantulum
375 1573 471 1618 silentio,
488 1579 511 1610 ut
528 1574 559 1611 sic
576 1573 604 1622 pii
623 1574 711 1610 affectus
729 1573 750 1610 in
768 1573 834 1610 animo

32 1635 126 1685 concepti
145 1635 220 1672 diutius
238 1635 381 1680 retineantur,
402 1641 423 1671 et
440 1634 527 1672 altiores
547 1635 567 1671 in
587 1634 649 1672 corde
664 1634 747 1672 radices
764 1641 834 1685 agant.

30 1696 87 1733 Alias
100 1696 152 1734 enim
164 1708 204 1733 nou
219 1695 319 1733 absimilis
335 1702 368 1733 est
385 1695 431 1732 viro
452 1695 608 1734 „consideranti
622 1696 701 1733 vultum
720 1695 835 1733 nativitatis

31 1768 81 1794 suae
98 1757 119 1794 in
134 1757 232 1806 speculo,
253 1756 394 1795 consideravit
410 1769 444 1801 se,
467 1763 487 1794 et
502 1756 562 1801 abiit,
579 1763 599 1794 et
615 1757 691 1794 oblitus
708 1763 740 1794 est
754 1757 834 1802 statim,

31 1818 96 1866 qualis
107 1817 183 1855 fuerit⁵⁷
191 1816 217 1864 ²).

67 1946 208 2000 Deritatio
226 1945 357 2018 uitiorum
377 1948 403 2000 in
421 1963 531 2000 munere
549 1948 623 2000 sacri
639 1947 798 2000 tribunalis

357 2020 513 2073 obviorum.

105 2141 122 2196 ξ.
135 2140 170 2183 26.
183 2146 290 2195 Expositis
299 2145 342 2195 jam
355 2145 435 2184 dotibus
448 2152 509 2196 atque
520 2146 634 2185 virtutibus
647 2145 672 2184 ad
690 2158 764 2185 munus
779 2147 836 2185 sacri

30 2205 140 2242 tribunalis
152 2207 268 2245 obeundum
279 2208 418 2252 necessariis,
431 2209 455 2245 cle
467 2208 588 2258 quibusdam
600 2209 668 2253 vitiis,
686 2220 738 2257 quae
749 2209 836 2246 multum

32 2266 127 2311 obstant,
145 2267 252 2324 quominus
264 2269 414 2319 poenitentium
426 2269 570 2307 confessiones
582 2270 622 2307 rite
635 2282 659 2308 ac
673 2269 782 2307 fructuose
801 2282 835 2307 ex-

32 2327 141 2376 cipiantur,
152 2329 208 2381 loqui
219 2330 252 2367 fas
265 2337 303 2368 est.
316 2331 374 2368 Haec
388 2330 441 2367 euim
453 2342 491 2380 quo
504 2331 582 2368 clarius
594 2330 678 2380 spiritui
690 2331 835 2369 ecclesiastico

31 2393 52 2424 et
69 2389 176 2427 sanctitati
195 2392 289 2440 numeris
307 2397 449 2443 agnoscentur
467 2392 584 2437 contraria,
608 2405 631 2429 eo
651 2392 730 2430 certius
748 2404 836 2442 sperare

30 2449 92 2496 licet,
109 2450 169 2497 fore,
186 2458 209 2489 ut
219 2460 332 2504 perspecta
343 2454 426 2491 illorum
438 2453 564 2503 turpitudine
583 2466 607 2492 ac
624 2454 646 2491 vi
663 2454 762 2498 nocendi,
780 2454 835 2492 devi-

30 2516 106 2549 tentur¹
120 2512 174 2550 Sunt
184 2525 235 2551 vero
247 2516 308 2561 vitia,
325 2528 375 2566 quae
387 2515 408 2552 in
420 2515 547 2567 gravissimo
560 2522 580 2554 et
592 2516 707 2553 sacerrimo
721 2515 835 2554 confessio·

30 2583 78 2610 num
90 2574 258 2624 excipiendarum
269 2590 356 2615 numere
367 2589 407 2615 non
420 2578 444 2615 ab
457 2578 550 2615 omnibus
563 2578 679 2615 evitantur:
697 2580 720 2625 a)
731 2578 837 2616 internum

32 2633 93 2673 arrimi
104 2635 173 2687 frigus
186 2643 206 2674 et
216 2637 314 2689 ignavia,
332 2640 356 2687 b]
368 2639 462 2685 vanitas,
481 2641 504 2687 c]
516 2640 625 2678 iruhecillis
643 2639 748 2678 hominum
766 2640 836 2685 timor,

32 2693 55 2741 d]
67 2697 157 2745 partium
170 2698 269 2746 studium,
282 2703 305 2748 e)
318 2702 373 2740 lucri
384 2701 486 2747 studium,
503 2701 523 2750 f]
535 2701 713 2741 inconsiderantia
725 2708 745 2740 et
756 2701 833 2753 impru-

35 2782 218 2794 -ὴ-ᾑ-

56 2829 71 2868 1)
80 2829 149 2864 Matth.
163 2831 195 2865 Vl.
206 2834 223 2865 6.
232 2851 256 2856 -
264 2835 280 2874 ²)
290 2833 358 2867 Jacob.
367 2835 382 2868 Ι.
392 2836 421 2868 23.
431 2836 461 2869 2'4.
469 2835 537 2869 —csc
546 2833 834 2879 Stapl.Theol.mor.T01n.IV.

79 2877 101 2911 P.
113 2881 153 2913 118.
163 2890 205 2925 seq.
214 2900 237 2906 —
245 2882 272 2915 M.
280 2883 543 2926 LudovieiAbellyParisini,
553 2885 646 2928 Episcopi
652 2884 788 2928 RuthenensiS,
799 2883 835 2927 Sa*

80 2927 149 2962 cerdos
160 2930 286 2966 Christianus.
297 2933 354 2975 Tyra.
365 2934 418 2967 aaut.
428 2943 446 2977 p.
456 2934 486 2967 68.
