2017 3193
842 103 885 146 201

80 233 126 258 1111
135 226 235 263 atterere,
248 218 371 269 utimagnae
380 225 428 257 sunt
440 221 575 257 austeritates
583 221 604 258 in
612 232 702 270 corpore
713 218 824 263 imbecilli,
832 217 886 266 jeju-

79 281 113 319 nia
124 281 144 319 in
157 279 239 329 pueris,
251 278 272 316 in
284 279 378 326 senibus,
390 281 411 317 11
423 280 512 317 faentina
524 282 622 331 gravida,
634 281 654 319 in
666 281 761 325 nutrice,
773 280 794 317 in
806 280 886 316 valetu-

80 340 166 380 dinariis
179 346 227 384 etc.,
245 341 344 378 excubiae
355 343 376 380 in
388 352 462 384 servo,
480 340 576 378 diuturna
587 354 598 378 a
609 341 656 379 vino
670 341 796 380 abstinentia
807 341 828 377 in
840 340 886 377 viro

78 403 150 439 labore
164 412 271 449 oppresso.
289 425 319 429 -
337 402 452 451 Corporum
470 400 666 438 mortificationibus
678 404 764 440 multum
777 407 888 451 praestant

79 461 251 501 mortificationes
263 461 365 509 internae,
377 475 415 512 per
427 473 478 511 quas
490 472 529 499 ncc
541 461 646 505 valetudo,
658 474 696 499 111
709 463 762 501 aliud
775 463 885 513 quidquam

78 522 217 572 periclitatur,
241 522 270 559 uti
289 530 337 561 sunt
355 522 506 572 abnegationes
524 520 622 571 propriae
639 522 764 567 voluntatis,
786 524 885 574 linguae,

79 583 187 621 oculorum
199 583 327 634 aliorumque
339 595 438 621 sensuum
451 582 559 621 co'crcitio.

152 644 235 682 Pariter
254 657 333 694 quoque
350 643 474 693 poenitenti,
494 644 527 693 qui
546 643 617 680 morbo
636 655 723 691 pressus
741 644 886 694 doloribusque

81 705 234 743 circumventus
242 705 308 753 jacet,
319 706 394 756 longas
407 705 513 742 orationes
526 710 560 741 aut
573 704 663 741 11111111
675 703 816 755 defatigantes
824 705 886 741 medi-

80 765 428 817 111111111111111111111111111,
447 765 483 802 sed
495 766 563 814 potius
576 778 600 802 eo
613 765 719 802 ducendus
732 771 775 809 est,
793 771 815 802 ut
833 777 887 801 mor-

79 827 126 864 bum
145 830 192 874 [aut
209 827 260 864 alias
276 838 409 877 quascunque
428 826 538 872 miserias]
557 825 631 875 spiritu
650 825 773 863 humilitatis
791 831 888 875 tanquam

80 887 187 937 aptissima
200 887 233 924 sui
245 887 366 925 ertrandandi
378 887 470 924 remedia
482 899 493 923 a
504 888 550 924 Deo
563 886 677 935 suscipiat,
691 892 711 923 et
723 887 790 924 animo
803 887 827 924 ad
839 898 888 935 111-

79 949 186 986 nitentiam
199 955 293 998 prompto
306 948 437 997 contritoque
449 947 550 997 perferat,
563 960 643 984 1111111
657 953 677 985 11
688 947 793 985 minimum
806 948 887 998 quidem

79 1009 236 1061 indignationis,
249 1015 283 1046 aut
295 1021 348 1059 erga
359 1008 400 1046 Dei
411 1008 566 1046 sanctissimam
578 1009 705 1046 voluntatem
717 1008 888 1046 murmurationis

79 1077 156 1109 motum
169 1069 293 1119 supprimat,
312 1070 455 1119 providentiae
468 1069 584 1107 divinasse
597 1070 722 1113 committat,
741 1070 813 1120 sicque
826 1069 888 1107 satis·

80 1131 178 1169 factionis
190 1143 264 1180 opera,
283 1130 356 1180 quibus
368 1131 500 1180 praestandis
515 1131 601 1179 jamjam
613 1137 646 1168 est
656 1131 731 1180 impar,
750 1131 850 1180 patientia
868 1138 889 1168 et

80 1192 197 1230 obedientia
209 1197 336 1240 compenset.

155 1252 257 1291 Similiter
271 1252 394 1298 cavendum,
414 1265 439 1291 ne
457 1253 482 1291 iis
499 1254 571 1299 etiam,
589 1253 623 1303 qui
640 1264 729 1303 corpore
742 1253 797 1298 sani,
816 1253 888 1291 labore

82 1315 178 1353 continuo
191 1314 231 1352 sibi
243 1314 328 1365 suisque
341 1315 365 1353 ad
377 1315 454 1353 victum
466 1315 589 1353 necessaria
601 1327 723 1365 comparare
736 1315 821 1360 debent,
840 1327 887 1364 pro-

79 1377 135 1415 lixae
147 1376 254 1414 ferialibus
267 1376 339 1414 diebus
351 1376 457 1415 orationes
469 1377 501 1414 vel
514 1377 669 1425 eleemosynae,
682 1389 733 1427 quas
745 1389 836 1428 erogare
848 1389 888 1414 non

79 1444 178 1489 possunt,
195 1438 333 1488 imponantur.
356 1439 396 1477 His
413 1439 481 1488 potius
499 1438 642 1484 indicendum,
660 1444 683 1476 ut
695 1438 767 1476 diebus
779 1438 888 1477 dominicis

80 1499 182 1551 festisque
195 1500 265 1539 officia
276 1500 345 1538 diviua
355 1500 457 1552 religiose
469 1500 603 1551 frequentent
610 1515 616 1546 3
634 1507 657 1538 ut
674 1506 721 1538 ante
736 1501 769 1538 vel
785 1506 832 1550 post
844 1500 888 1537 offi-

81 1561 161 1600 ciorum
173 1574 282 1601 sacrorum
295 1568 375 1612 tempus
387 1562 408 1600 in
420 1563 496 1612 templo
508 1562 597 1600 humiles
610 1568 630 1600 11
642 1561 728 1600 demissi
739 1568 875 1612 permaneant
882 1577 888 1608 3

80 1630 103 1662 11
115 1623 230 1662 ardentiori
241 1624 309 1662 studio
320 1625 388 1663 Deum
399 1624 420 1662 in
431 1624 511 1663 familia
522 1637 560 1662 sua
572 1624 613 1664 coli
625 1630 710 1670 curent,
729 1631 750 1662 et
764 1624 789 1662 de
800 1626 831 1662 llo
847 1624 889 1662 fre·

81 1692 168 1736 quanter
180 1686 291 1736 loquantur
296 1701 302 1732 ς
320 1692 342 1724 ut
358 1687 464 1725 consuetis
479 1686 569 1725 fidelium
581 1686 680 1737 precibus
692 1698 751 1724 11111
764 1698 788 1724 11
800 1698 888 1736 vespere

81 1747 197 1798 ferventius
210 1747 324 1799 fungantur
331 1763 337 1794 3
356 1754 377 1786 ut
388 1748 481 1786 laborem
494 1760 568 1794 sumn,
586 1748 683 1786 fortunae
694 1748 728 1785 vel
740 1747 808 1798 potius
820 1747 889 1797 provi·

81 1809 163 1847 11111111
176 1820 248 1853 casus,
261 1816 291 1855 et,
308 1809 404 1860 quidquid
416 1809 513 1848 obveniet
523 1809 659 1855 incommodi,
677 1809 697 1847 in
709 1815 889 1858 peccatorum‘re·

81 1869 202 1908 missionem
213 1871 259 1908 Deo
271 1871 393 1921 frequenter
405 1873 507 1915 offerant,
527 1878 547 1909 11
558 1871 661 1909 1111111111
673 1871 694 1908 11
706 1871 785 1909 laboris
798 1871 890 1908 decursu

80 1931 130 1970 illud
141 1931 251 1971 Publiceni
263 1932 353 1970 contrito
365 1932 474 1983 proferant
486 1933 559 1971 corde:
579 1932 700 1982 „Propitius
719 1939 763 1970 esto
781 1932 831 1970 mihi
842 1945 890 1982 pec·

82 1993 170 2031 catori.'⁷
194 1993 293 2032 ceterum
307 1993 359 2033 haec
377 2006 417 2032 1111
429 1995 449 2032 11
461 1994 568 2044 praefatos
581 1995 648 2032 solum
659 1993 791 2045 poenitentes
804 1994 890 2039 cadunt,

82 2054 118 2092 sed
131 2054 155 2092 ad
167 2067 239 2093 ornnes
252 2056 351 2101 attinent,
364 2055 398 2106 qui
409 2056 506 2094 fortunae
519 2068 599 2107 quoque
610 2056 671 2094 bonis
684 2056 788 2094 abundant
800 2062 821 2093 et
832 2056 889 2093 volu-

80 2116 172 2166 ptatibus
185 2116 245 2166 quasi
262 2116 316 2155 ebrii
327 2116 391 2155 vitam
409 2118 531 2170 transigunt
543 2130 634 2163 onmem,
653 2124 674 2156 11
690 2123 778 2167 1111111
795 2116 889 2167 peccatis

82 2178 192 2216 cumulant.
217 2178 348 2228 Specialiora
360 2178 513 2218 satisfactionis
526 2192 599 2229 opera,
612 2186 709 2229 quantuni
722 2179 747 2217 ad
759 2185 829 2217 certas
840 2190 889 2228 poe-

81 2239 189 2277 nitentium
205 2240 296 2285 classes,
314 2246 413 2290 respectu
428 2240 498 2279 habito
514 2241 539 2279 ad
554 2247 631 2279 statum
643 2241 756 2279 eorundem
769 2246 889 2285 externum,

81 2301 127 2339 vide
141 2300 241 2340 Sectione
253 2301 326 2339 altera.

107 2420 262 2492 Congruentia
275 2419 445 2475 satisfactionis
459 2437 509 2474 cun
522 2421 583 2475 1111
596 2420 659 2475 lana
672 2420 770 2491 aliisque
784 2421 866 2474 oficiis

412 2495 557 2565 poenitentis.

156 2605 238 2661 §.144
256 2610 351 2660 Denique
370 2622 409 2647 non
429 2609 498 2648 obstet
516 2609 645 2654 satisfactis,
665 2621 717 2660 quae
737 2609 891 2648 aconfessario

82 2669 197 2714 poenitenti
215 2671 343 2721 imponitur,
362 2671 432 2710 bonae
447 2673 581 2722 poenitentis
596 2672 674 2721 ferreae
692 2670 786 2723 11111111
789 2699 798 2720 ,
818 2671 891 2721 quibus

82 2726 207 2779 stringitur,
227 2733 314 2783 officiis.
339 2732 418 2771 caveat
430 2732 584 2779 confessarius,
602 2732 698 2783 nequid,
718 2733 770 2783 quod
782 2739 890 2781 peccatum

83 2786 130 2824 allis
141 2791 241 2839 prodere,
254 2794 362 2844 ipsumque
375 2794 483 2832 diffamare
494 2794 572 2843 possit,
584 2794 686 2846 injungat.
705 2794 818 2832 Poenitens
831 2794 891 2838 cuim,

83 2847 117 2899 qui
127 2857 215 2899 peccata
227 2866 264 2892 sua
277 2869 301 2894 ea
313 2856 351 2893 sub
364 2856 481 2894 conditione
494 2856 613 2901 confitetur,
625 2856 678 2893 utin
690 2862 811 2905 perpetuum
823 2855 891 2892 celen-

82 2917 127 2957 tur,
148 2910 197 2959 jure
216 2915 294 2965 potitur
311 2918 377 2956 bonae
396 2930 446 2956 suae
465 2917 539 2956 famae.
563 2915 665 2968 Quidquid
682 2917 748 2968 igitur
765 2915 891 2966 poenitentis
