2017 3193
379 209 514 284 Pars
557 209 597 283 tl.

86 379 134 422 lle
155 376 324 434 principiis
343 379 377 424 in
399 376 673 424 administratione
695 375 894 424 sacramenti

263 450 485 499 Poenitentiac
497 451 716 497 observandis

427 610 515 672 Statio
538 611 558 673 l.

87 759 121 798 De
129 762 246 812 principiis
258 762 399 810 petzernlibas
410 762 433 798 in
446 761 637 798 nantinistratione
652 756 792 797 Sacramenti
809 758 895 797 Poeni·

369 835 449 871 tentiae
464 834 613 872 obseruandis.

383 963 439 1016 (irio
452 964 601 1017 dicendorum.

88 1086 106 1139 ᾖ.
120 1083 155 1125 66.
167 1062 283 1135 Expositis
295 1085 410 1136 requisitis,
424 1086 507 1135 quaein
520 1086 658 1130 confessario,
670 1092 743 1123 utnon
756 1086 822 1123 solum
829 1083 897 1122 valide

89 1160 112 1186 ac
124 1146 191 1192 licite,
201 1147 238 1184 sed
250 1147 312 1185 etiam
325 1147 388 1198 digne
400 1153 421 1184 et
433 1159 478 1184 cum
491 1147 561 1184 fructu
572 1147 718 1185 Poenitentiae
737 1146 897 1185 Sacramentum

90 1208 274 1246 administrandum
286 1208 379 1252 accedat,
388 1207 437 1255 jure
450 1208 565 1257 meritoque
578 1214 732 1257 supponuntur,
752 1208 802 1245 ordo
814 1207 847 1244 rei
854 1207 898 1255 jam

90 1269 195 1318 postulat,
213 1275 236 1306 ut
246 1269 313 1318 ipsam
325 1269 385 1317 hujus
398 1269 531 1306 Sacramcnti
549 1268 763 1307 administrationem
780 1269 897 1318 perlustre-

90 1343 146 1374 mus,
165 1336 226 1380 atque
237 1330 340 1379 principia
356 1330 377 1365 in
396 1330 497 1367 exercitio
517 1329 577 1377 hujus
596 1330 688 1367 muneris
700 1330 758 1367 sacri
776 1328 899 1367 necessaria

73 1391 203 1436 vtradamus.
223 1389 300 1438 Quibus
318 1391 339 1427 in
358 1390 481 1427 enarrandis
500 1390 593 1428 ordinem
611 1391 725 1428 secundum
742 1396 827 1439 partes,
847 1401 898 1439 quae

74 1443 75 1446 ¹
91 1451 251 1490 Sacramentum
262 1451 406 1489 Paenitentiae
419 1451 555 1496 constituunt,
568 1452 680 1501 setpiinnu·¹
703 1451 758 1490 Tria
769 1451 866 1488 nimirum
878 1450 898 1486 in

90 1513 217 1561 poenitente,
236 1519 333 1562 tanquam
346 1512 478 1550 Sacramenti
495 1512 557 1559 hujus
570 1512 632 1562 digne
644 1513 772 1562 suscipiendi
789 1512 899 1549 conditio-

90 1586 137 1623 nes,
150 1574 293 1622 requiruntur,
307 1573 389 1610 scilicet
401 1573 521 1622 confessio,
541 1576 644 1611 corttritio
658 1579 678 1610 et
688 1574 831 1622 satisfactio,
852 1575 899 1622 (pa-

91 1640 137 1671 rata
149 1633 292 1672 satisfaciendi
302 1635 406 1678 voluntas,
419 1645 470 1684 quae
481 1634 502 1670 in
513 1633 580 1682 ipsam
593 1634 759 1672 satisfactionem
767 1634 828 1671 abeat
839 1645 899 1683 opor-

92 1697 147 1741 tet),
166 1695 238 1744 quibus
258 1707 284 1732 ex
294 1701 354 1744 parte
365 1694 457 1732 ministri
471 1694 581 1732 absolutio
601 1695 702 1732 accedere
714 1695 781 1732 debet.
801 1694 856 1731 Hinc
875 1693 899 1730 de

90 1755 199 1804 principiis
218 1755 353 1805 generalibus
370 1755 391 1792 in
410 1755 591 1793 administratione
604 1749 737 1795 sacramenti
754 1754 900 1793 Poenitentiae

92 1816 229 1854 observandis
248 1817 322 1861 acturi,
342 1816 434 1854 ordimur
452 1817 476 1853 ab
495 1816 534 1861 iis,
554 1829 605 1866 quae
624 1824 720 1867 spectant
739 1816 901 1863 confessionem,

93 1877 240 1915 contritionem
252 1884 273 1915 et
284 1877 457 1922 satisfactionem,
470 1877 608 1925 subjuncturi,
627 1890 679 1928 quae
691 1878 843 1916 absolutionem
856 1876 901 1915 sive

93 1938 230 1976 absolutionis
243 1939 367 1977 exercitium
379 1939 473 1977 attinent.
492 1938 553 1977 Licet
564 1939 618 1976 enim
631 1939 778 1983 confessionis,
792 1938 901 1976 contritio-

92 2000 125 2037 nis
137 2005 158 2037 et
169 1999 320 2038 satisfactionis
332 2005 402 2045 actus,
421 1999 487 2050 quiin
500 1999 637 2038 Sacramento
658 2001 803 2038 Paenitentiac
823 2012 848 2037 er
867 1999 901 2036 do-

92 2067 162 2112 gmate
175 2059 463 2111 catholicorequiruntu1·¹]‚
476 2062 520 2110 ejus
533 2062 619 2113 generis
627 2068 698 2112 partes
710 2062 759 2106 sint,
768 2073 819 2111 quas
831 2061 902 2110 poeni-

93 2128 140 2160 tens
151 2121 240 2171 ipsemet
251 2134 329 2171 ponere
342 2128 432 2167 tenetur,
451 2122 584 2160 nihilominus
596 2129 665 2161 tamen
678 2128 776 2173 exparte
795 2121 902 2160 confessa-

93 2184 137 2222 rius
150 2195 185 2221 eas
197 2196 313 2234 procurare
324 2190 395 2234 potest
406 2191 427 2222 et
438 2183 499 2223 debet
506 2199 512 2230 3
531 2191 552 2223 et
564 2184 644 2235 quidem
656 2185 692 2223 ubi
710 2197 759 2223 suas
770 2190 843 2235 partes
854 2196 902 2234 poe·

94 2246 162 2283 nitens
184 2257 224 2282 non
241 2245 360 2294 impleverit
380 2258 417 2293 per
436 2258 472 2289 se,
496 2258 532 2283 eas
550 2247 635 2296 praevio
655 2246 781 2284 confessarii
795 2244 903 2292 juvamine

94 2307 167 2346 ductus
186 2306 296 2356 adimpleat
313 2318 402 2345 necesse
422 2312 460 2344 est.
484 2305 561 2344 Habito
583 2307 650 2359 igitur
670 2313 770 2357 respectu
788 2306 813 2344 ad
830 2311 904 2356 partes

94 2368 228 2408 Sacramenti
237 2368 388 2413 Paenitentiam
400 2368 503 2418 principia
512 2368 534 2405 iu
545 2380 631 2406 munere
644 2369 701 2407 sacri
712 2368 823 2407 tribunalis
832 2369 904 2407 obser-

93 2431 172 2477 vanda,
190 2432 206 2469 Ι,
219 2431 300 2480 capite,
320 2443 371 2480 quae
384 2431 442 2469 circa
454 2430 621 2476 confessionem,
640 2431 666 2467 ΙΙ.
679 2432 762 2480 capite,
782 2442 834 2481 quac
846 2431 904 2468 eirea

96 2492 250 2537 contritionem,
262 2493 297 2530 Ill.
310 2493 386 2543 capite,
398 2501 450 2543 quate
463 2493 521 2532 circa
532 2492 706 2537 satisfactionem,
718 2492 755 2530 IV.
765 2492 840 2543 capite,
853 2503 905 2542 quac

96 2555 154 2594 eirca
166 2554 316 2593 absolutionem
328 2561 448 2600 versantur,
461 2556 582 2605 exponenda
592 2555 686 2593 veniunt.

96 2649 293 2658 ᾖ

121 2703 136 2741 ¹)
145 2702 220 2745 Eugen.
230 2703 263 2736 IV.
274 2703 293 2736 in
302 2703 389 2736 Decreto
401 2701 473 2736 Concil.
483 2701 569 2736 Florent.
579 2721 603 2726 -
613 2702 672 2735 Cone.
681 2701 733 2735 Trid.
740 2701 797 2735 Sess.
807 2701 858 2734 XIV.
864 2708 906 2734 can.

145 2750 163 2783 4.
175 2752 221 2798 Cap.
231 2754 249 2786 3.
260 2753 377 2786 catechism.
386 2753 442 2786 Rom.
452 2752 474 2785 P.
483 2753 507 2785 ΙΙ.
517 2761 534 2785 e.
549 2754 566 2786 5.
577 2761 595 2795 q.
607 2754 636 2785 12.
