2017 3193
865 104 894 147 89

87 224 173 262 firmare
184 223 269 272 poterit.
290 221 339 259 Cum
352 224 405 260 enim
419 221 561 259 confessarius
572 227 720 272 praesumatur
731 218 861 270 interrogari
872 224 895 256 ut

86 285 155 330 homo,
167 295 207 321 non
219 294 269 321 vero
282 289 304 320 ut
314 283 354 320 Dei
365 281 467 325 vicarius,
483 282 561 331 quando
573 284 694 331 respondet,
706 295 730 320 se
742 281 826 319 nescire
838 280 894 324 illud,

88 346 141 395 quod
153 357 178 383 ex
191 345 235 382 sola
248 344 379 383 confessione
391 343 460 387 novit,
480 354 555 380 sensus
573 345 714 392 responsionis
727 349 769 388 est,
790 342 842 392 quod
855 354 895 378 non

88 407 143 444 sciat
153 412 176 444 ut
187 405 258 448 homo,
272 406 304 455 qui
317 418 391 444 sensus
404 411 437 443 est
448 403 580 441 verissimus.

162 463 183 506 2.
196 465 263 514 Quid,
276 467 294 504 si
306 467 406 505 sacerdos
418 479 430 503 a
441 464 568 515 magistratu
579 466 730 513 protestantieo
742 473 815 516 aperte
827 470 848 503 et
860 476 895 501 en·

88 541 163 577 presse
184 534 305 577 quaeratur,
324 540 370 565 num
387 540 412 564 ex
431 525 564 579 confessione
580 523 630 561 nihil
649 525 746 563 seiartv.
765 540 785 576 g.
801 528 825 564 de
844 524 896 573 Oaje

89 589 205 627 catholicae
223 589 327 640 Religioni
344 588 439 631 addicto,
458 593 479 624 et
501 598 541 623 non
559 586 622 635 longo
640 585 714 623 abhinc
732 593 825 634 tempore
842 587 894 635 apud

90 650 175 687 eundem
187 650 319 688 sacerdotem
331 646 441 690 confesso,
454 647 488 696 qui
500 647 524 683 oh
537 645 677 694 suspicionem
688 647 835 693 perduellionis
847 659 895 684 eon-

89 717 123 748 tra
134 710 247 760 principem
259 708 432 759 protestanticum
444 720 503 745 suum
520 707 673 745 incarceratur.
690 708 750 745 Tune
770 707 895 756 responden·

90 772 136 809 dum
149 777 191 809 est:
203 772 263 822 leges
276 769 391 808 catholicae
403 768 521 819 Religionis
532 780 572 805 non
584 768 639 817 pari,
650 775 673 805 ut
685 768 794 818 quidquam
806 768 896 805 dieamus

91 832 115 869 de
126 832 164 877 iis,
177 844 229 881 qnae
240 832 260 868 in
273 830 406 868 confessione
421 828 565 878 percepimus,
584 828 634 865 sive·
640 828 661 865 in
672 841 734 865 unam
750 828 795 865 sive
810 828 829 864 in
848 828 897 864 alte·

90 905 134 930 ram
146 899 227 942 partem
232 907 237 937 3
255 890 305 928 etsi
319 889 436 937 hujusmodi
453 890 591 939 responsione
606 888 671 937 judex
682 902 721 926 non
734 889 798 926 fuerit
815 894 899 927 conten-

90 959 135 999 tus,
148 953 216 1002 potius
230 951 357 990 moriendum
370 957 414 995 est,
434 962 493 1000 quam
505 956 526 987 ut
539 950 678 988 confessionis
695 950 786 1001 sigillum
803 950 899 987 violetur.

161 1010 185 1051 ’3.
204 1003 352 1062 interrogatur
368 1011 523 1055 confessarius,
541 1023 581 1049 non
594 1011 640 1061 quid
651 1010 686 1049 hie
702 1011 764 1048 illeve
779 1011 805 1048 sit
818 1010 899 1049 confes·

28 1068 30 1074 ¹
91 1088 141 1120 sus,
153 1074 189 1112 sed
201 1080 288 1118 tantum,
298 1071 326 1110 'an
339 1072 490 1110 absolutionem
503 1072 678 1110 sacramentalem
691 1072 719 1109 sit
731 1073 835 1121 adeptus?
848 1070 899 1118 Quid

91 1135 218 1186 respondeat
230 1134 387 1174 confessarius?
399 1134 459 1179 Feci,
478 1134 530 1184 quod
542 1135 582 1171 mei
593 1135 685 1172 muneris
698 1146 746 1172 esse
758 1133 818 1179 duxi,
831 1133 900 1171 officio

91 1209 136 1234 meo
149 1196 251 1234 satisfeci.
270 1195 372 1233 Similiter
384 1195 511 1244 respondeat
523 1195 677 1240 confessarius,
696 1195 715 1232 si
732 1196 756 1232 de
771 1195 865 1243 pluribus
882 1206 899 1230 e.

92 1270 112 1309 g.
126 1258 213 1307 quinque
225 1256 378 1306 poenitentibus
390 1256 549 1307 interrogetur,
567 1268 592 1294 an
605 1268 641 1294 eos
654 1256 776 1294 absolverit.
793 1256 838 1293 Non
850 1255 901 1293 lieet

92 1319 173 1357 dicere:
184 1317 285 1356 Bertham
295 1324 315 1355 et
323 1317 470 1366 Sempronium
482 1317 569 1362 absolvi,
582 1317 628 1367 quia
634 1317 737 1355 indirecte
746 1316 900 1361 manifestaret,

91 1380 184 1430 reliquos
196 1385 241 1417 tres
261 1391 306 1415 ase
319 1390 358 1415 non
374 1390 422 1416 esse
440 1378 547 1416 absolutos
565 1384 599 1416 aut
615 1384 702 1428 propter
714 1390 785 1416 casum
802 1389 900 1415 reserva-

92 1447 148 1486 tum,
161 1446 196 1479 aut
207 1445 294 1490 propter
306 1451 378 1477 eorum
389 1439 541 1490 indignitatem.

91 1525 119 1558 An
133 1525 265 1558 confessarius
275 1527 369 1564 teneatur,
379 1523 470 1557 schedam
481 1523 609 1557 confessionis
620 1525 666 1558 dare
680 1524 713 1564 illi,
730 1523 761 1567 qui
771 1523 795 1556 oh
805 1524 901 1558 defectum

116 1574 245 1608 confessionis
258 1583 295 1606 non
309 1576 340 1607 est
353 1572 470 1606 absolutus?
488 1573 509 1607 si
522 1577 585 1617 petat,
597 1573 630 1607 uhi
644 1583 667 1607 ex
679 1574 781 1617 negatione
795 1572 901 1616 perieulum

116 1623 347 1662 foretmanifestationis‚
361 1623 419 1656 talem
430 1622 541 1656 ahsolutum
554 1633 591 1656 non
605 1624 674 1663 fuisse,
690 1623 762 1656 scheda
773 1622 901 1655 confessionis

116 1672 142 1705 illi
151 1672 243 1705 tradenda
257 1676 293 1704 est.
307 1673 379 1705 Verum
389 1672 407 1704 in
420 1672 493 1704 scheda
506 1675 579 1706 tantum
592 1673 673 1715 exprimi
683 1672 749 1712 debet,
762 1672 813 1714 quod
824 1670 869 1704 talis
883 1671 901 1703 in

105 1715 152 1755 'hae
160 1720 251 1755 Ecclesia
261 1720 403 1754 confessionem
412 1721 518 1764 peregerit,
528 1731 565 1754 non
572 1730 620 1755 vero
629 1721 679 1764 quod
687 1720 788 1754 absolutus
798 1720 863 1754 fuerit.
872 1720 902 1753 Ex

117 1781 154 1814 quo
164 1774 249 1812 apparet,
258 1770 362 1813 incongrue
372 1770 389 1802 in
399 1770 442 1803 istis
452 1770 531 1804 schedis
541 1771 698 1804 confesssionem
705 1771 756 1813 poni,
767 1771 816 1813 quod
825 1769 901 1803 confes-

117 1819 190 1853 sionem
200 1822 220 1853 et
228 1819 373 1852 Cemnurnioneut
380 1818 492 1862 paschalem
502 1819 546 1852 talis
555 1821 661 1863 peregerit¹
670 1821 724 1853 Dans
734 1819 783 1853 enim
790 1820 902 1853 hanesehe·

117 1869 160 1902 dam
168 1872 283 1909 testaretur,
297 1868 347 1911 quod
356 1868 425 1907 nescit,
436 1878 458 1901 an
467 1868 556 1902 nimirum
565 1868 609 1902 talis
620 1869 776 1903 Communionem
786 1868 901 1907 accesserit,

117 1919 162 1951 etsi
172 1917 312 1952 absolutionem
326 1917 430 1960 poenitenti
443 1918 527 1958 negavit,
541 1918 620 1962 iusuper
634 1918 757 1962 mentiretur,
771 1918 815 1961 quia
829 1927 901 1961 suppo·

116 1976 163 2001 nere
173 1965 237 2008 debet,
247 1975 290 2000 cum
300 1966 417 2000 abstinuisse
427 1975 437 1998 a
447 1966 591 2001 Communioue.

724 2024 738 2051 X

91 2088 195 2158 Regulae
208 2088 348 2157 prudentiae,
362 2089 382 2141 si
396 2088 448 2158 quid
466 2088 614 2143 manifestare
631 2089 749 2158 poenitens
763 2084 813 2158 ipse
826 2104 902 2143 saeer-

106 2162 107 2166 ’
400 2174 445 2227 doti
458 2174 592 2244 permiserit.

167 2297 185 2352 ξ.
197 2295 233 2338 61.
247 2298 396 2337 eonfessarius
408 2299 443 2344 iis,
456 2312 508 2350 quae
521 2313 547 2338 ex
555 2301 771 2346 confessionereseit,
783 2301 814 2339 uti
825 2307 903 2352 potest,

93 2362 112 2400 si
122 2361 231 2412 poenitens
243 2360 360 2399 voluntarie
378 2367 398 2398 et
416 2363 517 2410 expresse
531 2362 552 2400 in
567 2360 643 2400 honum
659 2364 720 2400 finem
737 2363 757 2401 id
774 2363 903 2413 permiserit.

92 2423 205 2461 Poenitens
223 2422 305 2461 scilieet
313 2422 370 2470 juri,
386 2422 438 2472 quod
449 2422 470 2460 in
482 2423 587 2461 silentium
601 2423 727 2461 confessarii
737 2423 811 2470 habet,
827 2437 903 2463 renun-

92 2484 147 2522 tiare
158 2490 238 2534 potest,
255 2490 277 2521 et
286 2496 325 2533 per
338 2483 400 2521 alium
410 2483 459 2521 fieri
474 2485 608 2535 permittere,
627 2485 679 2535 quod
691 2484 737 2534 ipse
749 2485 822 2524 faeere
837 2487 904 2531 ualet,

93 2558 166 2595 nempe
179 2545 203 2583 de
215 2545 306 2584 secretis
319 2545 363 2583 suis
375 2545 436 2596 loqui.
449 2546 517 2598 Igitur
529 2546 553 2585 de
565 2546 602 2592 iis,
615 2546 698 2597 quaein
711 2546 845 2586 confessione
857 2554 905 2586 sunt

93 2607 198 2655 patefacta
210 2607 272 2644 ctiam
285 2607 333 2644 alibi
351 2606 447 2656 loquendi
458 2607 580 2646 facultatem
595 2608 645 2646 dare
657 2608 737 2646 licitum
743 2608 904 2657 estpoenitenti,

93 2666 213 2718 licitumque
229 2667 359 2706 confessario
378 2681 402 2706 ea
420 2667 520 2706 facultate
536 2669 576 2714 uti,
595 2669 642 2719 quin
663 2670 796 2708 Sacramenti
813 2670 904 2721 sigillum

94 2727 168 2766 laedat⁴
188 2729 310 2768 „Confitens
321 2735 391 2779 potest
407 2730 489 2775 facere,
506 2730 535 2768 ait
547 2730 570 2769 S.
584 2730 675 2769 Thomas
690 2731 795 2781 Aquinas,
811 2731 904 2783 utillud,

95 2788 147 2836 quod
168 2791 269 2829 sacerdos
282 2791 363 2829 sciehat
375 2797 454 2829 tantum
467 2798 490 2829 ut
500 2792 572 2837 Deus,
592 2792 616 2840 [i.
630 2805 647 2830 e.
660 2793 702 2831 Dei
718 2792 835 2840 vicarius),
851 2792 904 2829 seiat

95 2846 157 2885 etiam
169 2856 192 2886 ut
202 2850 277 2896 homo,
297 2851 349 2902 quod
361 2852 412 2890 facit
423 2853 546 2901 poenitens,
568 2854 614 2892 dum
630 2854 723 2893 licentiat
735 2866 780 2892 eum
793 2854 817 2891 ad
835 2852 903 2890 dicen·

95 2907 153 2953 dum,
173 2915 193 2945 et
204 2911 250 2948 ideo
264 2913 407 2950 confessarius
420 2913 518 2958 sidicat,
531 2926 571 2952 non
584 2913 665 2967 frangit
683 2915 773 2967 sigillum
789 2913 904 2951 confessio·
