2056 3193
136 111 166 155 86

138 227 189 265 dere
202 229 226 266 ad
238 226 397 278 prohibendum,
410 239 436 264 ne
448 227 524 264 nralum
536 232 669 274 perseveret:
688 226 830 273 nihilominus,
847 229 865 267 si
878 224 917 267 hoc
929 229 949 267 in

141 302 192 327 casu
204 289 239 327 ille
257 289 276 326 id
296 299 362 336 neque
378 287 450 326 facere
462 288 531 331 vellet,
544 297 610 335 neque
622 287 759 336 permittere,
772 289 858 328 deberet
871 290 950 341 quidem

142 351 160 388 ei
177 348 320 389 confessarius
344 349 494 387 absolutionem
514 360 606 398 negare,
626 348 662 384 sed
682 361 765 395 eorum,
786 350 819 400 qui
837 352 950 402 participes

140 412 224 450 fuerunt
242 410 343 454 sceleris,
356 411 439 448 nomina
452 410 548 447 revelare
561 421 600 445 non
620 415 698 458 posset.
715 412 832 450 —Sedet
848 413 910 451 altum
923 413 950 451 si·

139 473 222 510 lentium
236 472 261 508 de
278 472 373 509 erunibus
390 472 512 514 tenendum,
526 482 577 519 qttos
595 470 739 508 confessarius
755 474 787 509 vel
803 485 898 518 sarisam,
917 476 950 512 vel

139 532 281 577 occasionem,
305 533 338 569 vel
351 531 453 580 objectum
467 531 548 582 peccati
566 531 643 575 fnisse,
661 544 686 569 ex
706 533 750 569 sola
766 534 899 572 confessione
917 547 950 573 sa·

139 594 264 632 eramentali
274 593 405 644 cognoverit.
418 596 442 631 E.
456 606 476 644 g.
489 595 504 629 F
506 598 595 630 uramur
607 592 651 637 filii,
664 594 711 642 qrtia
723 600 782 642 pater
790 608 862 633 eorum
874 609 951 634 avarus

139 661 178 692 est.
191 678 220 682 -
233 656 275 693 Titi
295 667 340 692 cum
354 653 405 702 Gajo
422 654 531 705 religionis
548 654 670 692 cavillatore
687 656 820 693 conversatio
836 658 927 706 priorem
940 671 951 695 a

140 716 326 754 Sacramentorum
340 728 378 753 usu
390 715 483 754 retinuit.
497 738 526 742 -
538 715 699 753 Materfarnilias
712 723 814 754 nocturna
826 718 951 756 famulorum

138 778 285 816 conventicula
303 778 385 814 tolerat.
409 777 568 818 Tulliaylasciva
582 789 628 815 terrm
646 777 692 814 aliis
708 777 769 823 vivit,
791 779 839 828 quia
853 779 886 816 vir
906 780 951 829 ejus

142 839 246 889 impotens
260 844 299 875 est.

215 897 240 947 2]
256 899 293 937 Ad
306 901 379 936 cronio
392 901 525 950 poenitentis
534 902 639 949 percolo,
652 905 687 936 aut
699 901 773 951 gravia
789 907 824 938 aut
836 902 900 946 levia,
915 909 951 940 aut

142 962 271 1000 clandestina
283 967 318 998 aut
330 960 421 1009 publica,
435 967 469 998 aut
482 960 610 1011 cogitatione
624 961 735 999 commissa
747 962 814 999 autad
828 969 888 1000 extra
901 976 950 1013 quo-

141 1037 180 1073 que
191 1022 325 1073 prodeuntia,
337 1021 366 1059 ita
374 1028 396 1059 nt
408 1021 551 1060 confessarius
565 1022 635 1060 dicere
647 1028 743 1071 nequeat,
761 1030 830 1061 utrum
842 1019 950 1073 poenitens

142 1098 165 1122 se
176 1085 243 1134 ipsum
256 1083 391 1122 accusaverit
402 1083 502 1128 sceleris.
516 1083 568 1132 qnod
583 1089 626 1120 tota
637 1084 769 1132 inspectante
782 1084 866 1122 civitate
880 1091 950 1135 patra-

140 1146 176 1183 vit.
197 1145 244 1183 Huc
264 1157 343 1194 quoque
356 1151 452 1193 spectant
468 1145 569 1194 defectos
580 1144 697 1182 rrtrturnles
710 1151 744 1182 ant
762 1145 879 1184 rrottrrnliu
896 1159 952 1197 poe-

141 1209 230 1246 nitentis
247 1209 312 1256 tritta,
331 1205 349 1242 si
365 1218 390 1243 ex
402 1207 447 1243 sola
463 1205 595 1244 confessione
611 1206 696 1256 cognita
711 1213 770 1252 sunt:
787 1219 838 1257 eg.
855 1208 951 1246 defectus

141 1269 250 1312 natalium,
267 1267 399 1318 ignorantia,
418 1268 509 1311 ruditas,
521 1267 605 1311 hernia,
621 1267 730 1316 epilepsis,
748 1269 908 1317 scrupulositas.
922 1292 952 1296 ——

143 1332 164 1367 ln
176 1330 285 1378 propatulo
298 1335 341 1373 est,
359 1328 510 1366 confessarium
523 1328 547 1365 dc
560 1327 666 1377 cornplicis
680 1340 760 1380 qrroque
772 1329 865 1377 peccatis
877 1336 950 1368 tacere

144 1391 229 1435 debere,
242 1389 292 1428 licet
303 1390 345 1426 sint
357 1389 409 1427 alius
422 1389 506 1441 generis
519 1401 579 1439 quam
591 1402 625 1433 ea,
639 1401 690 1438 quae
702 1390 811 1438 poenitens
824 1397 857 1428 est
869 1391 952 1429 confes-

143 1464 187 1497 sus,
200 1464 218 1488 v.
232 1464 252 1502 g.
266 1451 356 1488 foemina
367 1450 387 1487 in
401 1451 533 1489 confessione
546 1450 602 1495 dicit,
615 1456 736 1494 amatorem,
750 1464 837 1501 quocum
849 1453 952 1501 peccavit,

144 1513 224 1550 domino
237 1524 275 1549 suo
287 1512 379 1549 furatum
391 1524 445 1549 csse.

220 1569 246 1620 3]
259 1573 358 1623 Sigillum
370 1574 523 1611 sacramentale
536 1571 673 1621 complectiur
686 1584 757 1610 omnes
770 1573 800 1611 od
807 1577 952 1624 peecatorum

144 1636 305 1684 coisse-saionem
320 1634 387 1683 aliquo
406 1634 464 1671 modo
489 1636 614 1684 spectantes
632 1635 824 1684 cernennentes,
843 1647 895 1684 quae
917 1648 951 1672 su·

144 1695 258 1745 spicionem
277 1695 393 1732 autminus
412 1701 495 1746 gratam
508 1695 532 1732 de
549 1694 668 1743 poenitente
681 1694 796 1743 opinionem
811 1708 886 1745 parere
905 1709 952 1745 pos·

145 1762 202 1801 sent3
217 1756 283 1793 veluti
302 1756 320 1792 si
336 1755 416 1794 diceret
432 1755 585 1800 confessarius,
604 1767 626 1792 se
641 1755 752 1793 Antonium
768 1768 808 1793 non
824 1757 952 1801 absolvisse,

144 1818 231 1855 Paulum
250 1830 286 1866 pro
304 1817 436 1855 confessione
451 1817 518 1854 minus
534 1823 681 1865 praeparatum
696 1818 813 1861 iuvenisse,
833 1817 953 1867 Sempronii

146 1879 298 1917 confessionem
311 1878 351 1915 sibi
363 1890 491 1928 nequaquam
503 1878 594 1927 placere.
609 1877 694 1914 Pariter
711 1878 748 1914 sub
767 1878 859 1928 sigillum
879 1878 955 1917 cadunt

146 1952 181 1976 res
194 1940 257 1983 aliae,
270 1951 322 1988 quae
334 1951 374 1975 non
387 1946 435 1976 sunt
447 1945 544 1988 peccata,
563 1951 588 1975 ex
600 1950 686 1987 quarum
700 1938 868 1976 manifestatione
882 1945 954 1989 posset

145 2000 213 2037 veniri
229 2000 248 2037 in
265 1999 361 2037 notitiam
374 2000 457 2048 peccati
470 2006 505 2038 aut
517 1999 642 2048 peccatoris
661 1999 687 2036 Ut
702 1999 720 2036 si
736 2000 792 2048 quis,
810 1999 856 2037 dum
869 1999 955 2038 homici⁶

147 2062 200 2099 dium
220 2061 343 2105 confitetur,
359 2067 442 2106 narrat,
460 2061 628 2110 quemadmodum
645 2060 703 2097 faber
720 2060 811 2111 gladium
827 2061 858 2097 rei
875 2060 955 2099 inscius

147 2122 166 2159 ei
177 2121 305 2166 vendideritg
325 2121 357 2158 vel
371 2121 389 2158 si
401 2128 484 2166 narrat,
502 2121 672 2171 quemadmodum
690 2121 770 2159 amicus
792 2121 870 2159 crimen
883 2122 903 2159 ei
914 2121 954 2158 dis-

147 2183 246 2220 suaserit.
259 2183 296 2219 Illa
308 2182 372 2227 enim,
386 2183 435 2220 licet
446 2183 466 2219 in
479 2182 520 2219 illis
531 2181 628 2231 personis
641 2194 680 2219 non
693 2181 735 2219 sint
752 2188 851 2231 peccata,
869 2188 957 2231 possent

149 2250 223 2288 tamen,
236 2243 254 2280 si
266 2243 425 2293 detegerentur,
437 2243 551 2294 vestigium
565 2243 647 2292 aperire
659 2243 781 2292 explorandi
792 2248 911 2291 peccatum,
923 2243 956 2280 vel

147 2316 265 2354 personam.
277 2304 355 2341 Eodem
368 2305 427 2342 modo
439 2305 457 2341 si
470 2304 613 2343 confessarius
622 2304 712 2341 diceret:
724 2304 802 2341 Petrus
810 2303 850 2340 fuit
861 2303 898 2341 tali
905 2303 957 2341 hora

148 2366 168 2402 in
180 2366 216 2403 tali
227 2366 284 2410 loc03
305 2371 377 2414 posset
392 2366 445 2403 enim
457 2372 511 2403 -tunc
527 2367 605 2403 Petrus
616 2365 636 2402 in
649 2365 790 2414 suspicionem
801 2364 874 2402 venire
892 2364 956 2402 horni-

150 2426 207 2471 cidii,
220 2426 273 2476 quod
284 2425 327 2464 illie
339 2426 408 2465 inerat
420 2433 569 2476 perpetratum.

225 2484 251 2534 i)
263 2486 310 2525 Huc
323 2492 405 2535 spectat
417 2500 496 2537 quoqne
509 2487 593 2525 directo
605 2486 751 2538 pererrantium
763 2486 873 2536 lorrriotio,
895 2487 956 2536 quod-

150 2548 195 2584 dam
208 2550 271 2598 qoosi
282 2548 414 2586 ladmonem
426 2548 535 2598 villermo,
557 2548 590 2598 qui
602 2561 641 2585 non
654 2548 683 2585 ita
694 2548 853 2597 praedicantur,
872 2549 957 2598 vitupe-

149 2610 218 2651 rimm
231 2609 305 2646 etenim
318 2608 384 2658 qrroad
397 2608 435 2645 hos
447 2609 481 2645 vix
494 2622 533 2646 non
546 2622 597 2646 vera
609 2609 684 2647 fractio
697 2608 762 2658 sigilli
775 2615 814 2653 est,
827 2613 898 2656 utpote
907 2620 957 2657 quos

150 2667 293 2707 confessarius
313 2671 345 2706 vel
361 2669 448 2707 tacendo
475 2670 575 2717 ejusmodi
592 2669 711 2719 praeconiis
732 2668 829 2720 indignos
856 2668 956 2707 declarat.

149 2728 253 2768 Accidunt
267 2730 325 2777 plura
337 2730 402 2769 adhuc
414 2730 553 2774 incommoda,
566 2731 662 2767 nimirum
677 2729 730 2779 quod
741 2729 856 2778 poenitenti
866 2729 957 2781 ingenuo

150 2791 212 2828 etiam
225 2788 326 2838 ejusmodi
338 2791 408 2829 laudes
421 2792 522 2829 molestae
535 2791 642 2835 accidunt3
658 2790 704 2828 aliis
716 2787 872 2840 'poenitentibus
890 2791 958 2829 minus

149 2851 258 2903 ingenuis.
279 2851 312 2888 ubi
327 2852 411 2890 laudare
424 2866 447 2890 se
460 2867 470 2891 a
486 2843 617 2891 confessario
630 2851 724 2896 andiunt,
738 2853 766 2890 nti
779 2858 799 2889 et
816 2852 905 2897 ceteris,
925 2853 958 2902 qui

151 2912 208 2951 bisce
221 2912 321 2952 encomiis
334 2913 478 2958 ostenduntur,
492 2914 592 2952 sinistrae
605 2912 736 2962 suspiciones
749 2913 811 2952 facilc
823 2913 926 2959 oriuntur,
938 2914 958 2952 in
