2017 3193
862 132 906 175 257

100 244 283 292 considerandum,
302 247 355 298 quod
371 248 392 287 in
407 247 513 298 spirituali
524 249 567 286 vita
579 247 664 300 adlectio
677 247 721 286 Dei
736 254 770 285 est
782 248 838 285 sicut
849 247 906 291 finis,

95 309 175 359 jejunia
190 315 269 355 autem,
287 308 372 361 vigiliae
390 317 410 348 et
426 309 467 348 alia
479 308 582 348 exercitia
594 312 713 360 corporalia
724 324 764 349 non
778 315 907 360 quaeruntur
945 310 947 312 ’

98 378 197 421 tanquam
208 370 266 416 finis,
285 372 321 410 sed
333 372 458 410 adhibentur
469 377 567 420 tanquam
579 371 647 418 media
658 373 781 410 necessaria
795 372 820 410 ad
832 371 894 408 finem
901 386 906 416 ς

99 439 120 470 et
130 432 176 469 ideo
188 431 305 480 hujusmodi
317 440 365 471 sunt
377 432 492 471 adhibenda
504 442 550 468 eum
563 432 649 480 quadam
661 444 759 479 mensura
771 434 872 477 rationis:
885 438 908 470 ut

100 493 183 531 scilicet
190 494 358 544 concupiscentia
367 495 469 536 dometur,
478 497 499 529 et
506 498 581 529 natura
589 504 628 529 non
637 483 779 543 extinguatur,
787 495 849 542 juxta
857 494 906 531 illud

100 554 123 592 S.
135 555 239 603 Apostoli:
253 556 388 594 „lixlribeatis
402 565 492 602 corpora
503 558 576 590 vestra
587 553 677 590 hostiam
688 553 793 592 viventem
804 578 833 582 —
841 577 907 583 -—-

99 615 214 653 rationable
232 617 352 666 obsequium
371 613 480 652 vestrum’'
492 611 516 660 ¹).
541 615 568 650 Et
580 613 603 651 S.
617 613 750 664 Gregorius:
769 616 906 665 „Plerumque

101 688 146 714 cum
158 677 203 726 plus
211 677 269 725 justo
282 690 332 715 caro
344 674 493 725 restringitur,
501 674 563 712 etiam
576 676 600 712 ab
614 675 765 712 exercitatione
777 676 825 712 boui
838 677 907 725 operis

101 744 219 783 enervatur,
238 745 259 776 ut
277 738 301 775 ad
319 737 435 774 orationem
454 747 533 785 quoque
552 736 585 773 vel
600 735 778 784 praedicationem
794 749 833 773 non
849 737 907 773 sufli-

101 799 148 836 ciat.
161 821 191 826 ——
201 823 231 846 —7
243 799 312 846 Saepe
325 798 371 835 dum
383 796 464 833 hostem
476 797 613 846 insequimur,
626 797 688 833 etiam
701 797 777 842 civem,
791 810 850 847 quem
863 797 908 834 dili-

100 861 178 911 gimus,
198 858 347 897 trucidanms,”
365 859 436 907 Neque
456 859 551 907 exempla
570 859 654 902 desunt,
672 859 737 903 tales,
757 859 791 908 qui
807 859 831 896 ab
849 858 908 896 initio

100 922 213 959 severitate
231 920 294 957 nimia
312 925 379 956 semet
395 919 527 963 afflixerunt,
546 926 619 968 postea
637 920 670 956 vel
689 919 781 968 ejusdem
798 927 908 969 pertaesos

100 983 125 1020 ad
136 982 230 1020 seculum
241 980 341 1025 rediisse,
359 980 393 1017 vel
409 981 483 1018 saltem
499 980 523 1018 ad
538 980 597 1017 vires
613 992 662 1018 suas
674 981 831 1030 recuperandas
843 981 909 1018 molli·

100 1044 138 1081 bus
157 1042 263 1080 studuisse
283 1053 306 1078 ac
326 1041 418 1090 cupediis
428 1039 455 1089 2).
472 1063 502 1068 -
519 1042 679 1079 illustrissimus
698 1042 814 1091 Episcopus
833 1040 910 1080 Soller

101 1116 185 1142 auream
196 1103 259 1140 istam
270 1103 366 1153 regulam
378 1103 399 1139 in
411 1102 532 1140 memoriam
544 1109 641 1148 revocat,
659 1115 719 1152 quam
739 1103 871 1141 §.salesius
890 1109 910 1139 et

101 1166 141 1203 alia
152 1163 262 1202 Ecclesiae
274 1164 351 1201 lumina
370 1164 551 1206 commendarunt:
571 1163 679 1203 ‚alecllctm
696 1167 798 1215 corporis
815 1166 909 1212 adstipu-

101 1216 183 1264 tionem
194 1237 243 1262 esse
253 1225 427 1275 suscipiendam,
440 1227 483 1262 nist
494 1227 604 1276 exquisito
618 1228 684 1263 caetea
693 1225 810 1275 prudentis
823 1226 909 1275 cortfes⁴

101 1288 158 1324 sarit
175 1284 275 1323 consilio.
295 1284 383 1336 Corpus
400 1286 520 1335 rependum
537 1289 581 1335 est,
601 1298 644 1324 aton
660 1287 832 1335 fraopeodmu.”
853 1286 909 1323 ldern

102 1347 188 1385 cuilibet
198 1347 283 1384 virtutis
296 1347 389 1385 studioso
403 1347 486 1392 suadet,
504 1352 535 1391 ut,
547 1347 667 1397 priusquam
680 1348 809 1385 voluntarias
823 1347 909 1385 mortifi-

102 1408 196 1446 cationes
207 1408 227 1445 in
240 1420 263 1445 se
276 1408 387 1457 suscipiat,
399 1408 441 1445 illis
454 1420 477 1445 se
490 1408 608 1452 submittat,
622 1420 673 1458 quas
684 1408 750 1457 ipsius
762 1409 818 1446 vitae
831 1420 909 1459 genus,

102 1470 146 1507 sive
159 1469 253 1520 agnitum
265 1468 347 1518 aliquod
359 1468 451 1506 officium
463 1480 535 1506 secum
548 1469 642 1514 adducit,
660 1469 704 1506 sive
717 1481 768 1518 quas
780 1469 911 1519 providentia

102 1530 171 1568 divina
181 1542 219 1578 per
231 1530 286 1567 vitae
299 1530 419 1568 discrimina
431 1529 527 1579 imponit,
546 1542 597 1579 quae
613 1530 679 1580 igitur
696 1530 785 1580 alioquin
802 1543 848 1568 cum
865 1530 911 1567 aliis

102 1590 177 1629 officiis
190 1590 250 1640 quasi
257 1591 365 1639 jubentur,
382 1591 474 1639 adeoque
485 1591 640 1637 involuntariae
653 1592 760 1629 corrnnode
773 1591 813 1629 dici
826 1597 910 1641 queunt.

101 1652 159 1696 Huc,
172 1657 194 1688 ut
205 1664 271 1700 pauca
283 1658 362 1689 tantum
376 1663 479 1696 moneam,
492 1657 589 1700 spectant
600 1652 696 1696 labores,
710 1653 841 1701 quotidianae
854 1652 910 1689 solli-

103 1713 215 1757 citudines,
236 1713 321 1763 vigiliae
346 1713 427 1761 aliaque
447 1712 590 1757 incommoda,
616 1712 741 1761 multiplices
765 1713 911 1756 infirmitates,

103 1773 246 1824 aegritudines
262 1773 357 1823 corporis
374 1779 395 1810 et
412 1773 485 1817 animi,
503 1772 582 1810 diversi
594 1779 692 1817 eventus,
712 1775 785 1823 quibus
800 1775 860 1812 bonis
876 1786 911 1811 no-

103 1834 165 1879 stris,
178 1833 250 1872 amicis
262 1840 283 1871 et
294 1833 425 1871 charissimis
438 1834 558 1883 spoliamur,
571 1834 681 1871 molestum
693 1835 851 1872 contubernium
866 1847 912 1872 cum

102 1894 219 1933 hominibus
231 1894 329 1944 stupidis,
347 1906 443 1932 morosae
454 1894 540 1939 indolis,
553 1895 664 1945 neglectus
677 1902 698 1932 et
710 1901 839 1940 contemtus,
852 1908 912 1945 quem

103 1968 143 1993 non
155 1956 221 1993 solum
235 1956 259 1992 ab
270 1955 381 2005 improbis,
400 1956 437 1992 sed
455 1961 475 1992 et
490 1955 561 2003 probis
580 1955 673 2004 experiri
685 1957 788 2001 solemus,
805 1956 853 1995 lrinc
865 1956 912 1993 inde

103 2017 184 2053 sancita
196 2016 346 2065 Superiorum,
365 2028 417 2066 quae
435 2022 539 2064 utcunque
558 2017 630 2053 sensui
649 2018 738 2054 molesta
748 2018 859 2055 uideantur
871 2024 912 2054 etc.

103 2076 228 2124 Hujusmodi
240 2077 403 2127 castigationes,
423 2089 474 2126 quas
491 2076 559 2124 ipsum
574 2077 618 2125 jam
634 2084 730 2115 nostrum
745 2091 819 2116 mimus
832 2092 855 2117 ac
868 2078 912 2114 offi-

103 2138 158 2176 cium
170 2149 241 2174 seeum
252 2137 306 2182 fert,
325 2149 403 2187 quaeue
419 2137 524 2187 singulari
542 2138 610 2187 aliqua
628 2139 756 2176 necessitate
776 2146 796 2177 et
814 2151 913 2176 aerumna

103 2198 162 2236 nobis
173 2198 312 2246 imponuntur,
326 2204 412 2235 eatenus
425 2198 488 2235 etiam
500 2198 586 2247 reliquis
598 2205 715 2247 praestant,
724 2200 775 2248 qaod
788 2201 830 2236 sint
842 2213 853 2237 a
864 2200 912 2248 pro-

103 2259 149 2308 pria
168 2259 272 2296 voluntate
291 2265 312 2295 et
330 2271 341 2296 a
359 2258 415 2295 fastu
427 2258 494 2308 magis
506 2259 596 2303 liberae,
615 2259 706 2308 adeoque
725 2260 833 2308 puriores,
853 2272 913 2309 quam

102 2320 220 2358 voluntarie
239 2320 326 2358 electae.
359 2318 504 2356 Pulcherrima
525 2319 547 2356 S,
566 2320 693 2357 Franciscus
712 2320 808 2359 Salesius
828 2333 914 2359 causam

102 2387 235 2430 praesentem
248 2380 346 2430 explicat.
370 2380 483 2428 Postquam
500 2379 655 2417 similitudinem
671 2381 695 2417 ab
709 2382 818 2432 amygdalo
832 2383 913 2420 desum·

54 2480 58 2483 ,
103 2441 239 2485 tamrctulit,
255 2441 287 2478 his
299 2440 370 2490 pergit
380 2441 464 2477 verbis:
483 2440 604 2489 „Nunquam
620 2440 704 2478 illorum
724 2444 840 2491 approbare
857 2442 914 2491 potui

103 2501 231 2547 methodum,
248 2503 291 2551 qui,
309 2513 348 2551 quo
361 2500 464 2538 hominem
476 2501 602 2545 reforment,
619 2501 642 2537 ab
656 2503 808 2547 exterioribus,
824 2516 835 2540 a
847 2504 913 2554 gesti-

103 2561 153 2606 bus,
171 2563 250 2600 vestitu
262 2570 283 2600 et
295 2562 398 2605 crinibus,
410 2562 504 2612 inquam,
520 2562 600 2599 initium
613 2561 697 2600 ducunt.
715 2564 820 2601 imovero
834 2571 914 2607 contra,

104 2622 128 2657 ab
146 2622 284 2660 interioribus
304 2622 352 2659 milri
369 2622 453 2660 videtur
471 2623 616 2671 incipiendum.
650 2623 709 2661 Dicit
727 2624 780 2660 cuim
798 2625 914 2661 Dominus:

106 2679 272 2721 „convertimini
284 2684 309 2721 ad
321 2695 353 2720 me
366 2683 387 2720 in
398 2688 441 2720 toto
455 2683 517 2721 corde
529 2683 622 2721 vestro.²'
645 2684 682 2720 Iit:
701 2685 763 2728 „uita
776 2686 853 2734 praebe
865 2684 915 2722 mihi

103 2786 300 2801 —Q—v-

129 2836 144 2874 1)
154 2834 174 2865 S.
186 2834 252 2867 Thom.
262 2838 331 2878 Quadi.
342 2841 358 2871 5.
369 2843 404 2871 art.
415 2841 444 2872 18.
460 2857 484 2862 -
499 2842 515 2878 2)
525 2841 555 2871 De
564 2839 622 2872 nimio
630 2827 717 2873 >excessu
727 2840 745 2873 in
754 2841 790 2873 bac
800 2849 827 2879 re,
838 2839 881 2871 vide
892 2839 913 2871 S.

153 2882 212 2914 casn.
222 2882 265 2915 libr.
276 2886 299 2918 de
308 2888 361 2929 Vtrg.
371 2889 388 2920 8.
398 2887 458 2929 Greg.
468 2888 495 2920 Μ.
501 2884 551 2920 Mor.
560 2887 603 2920 libr.
614 2890 643 2920 30.
654 2897 669 2920 c.
681 2890 708 2921 ta.
718 2890 739 2921 S.
746 2890 803 2921 Bern.
812 2888 875 2920 Serm.
884 2888 915 2927 ⁷49,

153 2931 171 2964 in
181 2929 234 2963 eam.
246 2931 332 2968 Gerson.
343 2936 408 2968 Tract.
420 2937 443 2969 de
453 2940 510 2979 myst.
521 2937 589 2969 Theoi.
601 2937 675 2969 consid.
686 2939 714 2970 10.

738 2984 764 3027 lt
