2017 3193
344 167 561 206 Arctourus
587 167 637 203 III.

235 269 268 307 De
275 269 425 317 poenitentibus
436 267 563 306 insonando
574 274 593 307 11
603 267 744 308 admonendis.

209 401 321 471 dbligalio
336 399 472 455 1111111111
486 398 626 468 poenitentes
641 399 771 453 instruendi.

161 537 179 590 ξ,
191 535 226 578 98.
243 538 308 587 Quam
324 540 413 589 primum
428 536 573 575 confessarius
594 535 717 585 penitioreru
738 538 798 573 animi
815 545 893 576 statum

85 600 210 650 poenitentis
223 600 255 639 sui
265 601 341 651 partim
353 598 436 649 ex‘ipsa
448 597 493 646 ejus
506 603 579 646 sponte
591 596 648 635 lacta
660 596 804 641 accusatione,
818 599 893 648 partim

87 674 112 699 ex
120 662 195 700 auditis
207 663 232 701 ad
240 662 373 713 quaestiones
381 659 461 710 positas
469 658 585 708 responsis,
598 669 746 708 usquequaque
754 660 892 707 perspexerit,

86 723 173 761 eundem
183 736 220 773 pro
233 724 326 773 ejusdem
338 721 400 759 animi
411 720 480 758 indole
493 732 517 758 ae
530 719 648 758 conditione
660 718 803 758 eonscientiae
821 720 893 758 edoce-

84 796 121 829 re,
133 797 171 823 nee
183 797 224 823 non
237 784 347 822 admonere
359 789 451 827 tenetur,
463 788 486 819 ut
497 787 554 819 totus
567 787 656 831 quantus
669 780 736 825 alius,
748 780 808 829 isque
820 793 894 825 novus,

84 845 150 884 bonus
162 852 223 896 atque
232 846 303 894 justus
316 845 439 883 eoranrDeo
452 842 512 880 homo
524 842 571 879 fieri
583 848 674 893 satagat.
687 841 770 879 Rituale
778 842 894 880 Romanum

85 907 238 945 confessarium
249 905 288 943 hac
307 906 331 942 de
342 917 366 941 re
378 910 460 948 monet,
476 903 573 942 dicendo:
591 903 680 942 „Audita
695 902 828 940 confessione
845 916 893 953 per-

84 968 175 1016 pendens
186 971 333 1015 peccatorum,
346 976 397 1014 quae
409 964 517 1014 poenitens
530 963 623 1007 admisit,
635 963 798 1014 magnitudinem
811 970 832 1001 et
843 965 893 1001 mul-

84 1028 204 1071 titudinem,
228 1038 266 1075 pro
283 1038 354 1063 eorum
370 1025 475 1076 gravitate
495 1037 518 1062 ac
494 1025 596 1106 poeni
599 1025 661 1061 tentis
679 1024 809 1094 conditione,
832 1031 894 1107 prout

85 1148 188 1186 charitate
204 1148 328 1185 adhibebit.’'
344 1135 507 1185 Confessarids
512 1144 569 1183 enim
583 1136 665 1184 Doctor
671 1138 716 1183 est
726 1116 894 1195 poenitentium,

85 1209 119 1247 cui
133 1209 243 1255 incumbit,
256 1220 305 1246 suos
322 1208 342 1246 iu
354 1208 391 1253 iis,
410 1220 462 1258 quae
480 1208 505 1245 ad
521 1220 593 1245 eorum
611 1213 688 1245 1111111
704 1213 725 1244 et
744 1207 895 1257 perfectionem

84 1270 201 1319 pertinent,
217 1270 323 1307 instruere
337 1276 358 1306 et
376 1269 473 1314 erudire,
494 1275 516 1306 ut
531 1281 571 1306 non
583 1269 670 1318 primam
683 1269 783 1306 duntaxat
797 1269 894 1317 justitiae

86 1330 213 1369 christianae
225 1337 315 1380 partem,
328 1342 380 1380 quae
391 1330 489 1368 hortatur
501 1330 526 1367 ad
538 1330 682 1367 declinandum
688 1330 771 1375 malum,
783 1331 820 1367 sed
833 1330 894 1367 etiam

85 1392 183 1437 alteram,
197 1405 248 1442 quae
257 1392 317 1440 jubet
329 1391 400 1429 facere
412 1392 498 1436 bonum,
510 1391 615 1440 impleant.

156 1454 241 1491 Pariter
262 1453 357 1491 Medicus
375 1460 408 1490 est
422 1452 552 1501 spiritualis,
572 1453 597 1489 ad
613 1464 674 1501 quem
688 1452 806 1501 pertinent,
826 1476 856 1481 ——
872 1459 895 1490 ut

84 1515 155 1554 verbis
167 1521 215 1553 utar
228 1515 250 1554 S.
264 1514 365 1566 Gregorii
376 1513 513 1560 lllaziarrzeui,
526 1537 556 1541 —
569 1513 663 1553 „animae
675 1526 754 1564 pennas
768 1514 855 1561 addere,
871 1528 895 1554 ac

85 1577 159 1615 mundo
167 1590 213 1614 eam
225 1576 315 1625 eripere,
326 1577 412 1626 Deoque
425 1576 482 1620 dare,
495 1576 625 1625 divinamque
637 1575 753 1626 imaginem
765 1582 800 1613 aut
812 1589 895 1614 manen-

85 1643 127 1676 tem
141 1650 280 1683 couservare,
296 1643 331 1676 aut
345 1637 499 1686 periclitantem
511 1636 598 1682 fulcire,
614 1643 649 1674 aut
664 1637 771 1687 delapsam
786 1637 806 1676 in
825 1638 895 1688 pristi-

85 1711 133 1737 num
151 1705 228 1738 statum
246 1711 360 1744 revocare,
377 1698 524 1749 Christumque
542 1711 580 1749 per
593 1698 694 1748 Spiritum
709 1705 805 1738 sanctum
822 1700 842 1737 in
860 1712 895 1750 pe-

86 1761 151 1799 ctoris
169 1761 294 1801 domicilium
306 1758 461 1807 admittere’'¹].
480 1762 507 1798 Et
524 1760 542 1797 si
557 1760 652 1811 quilibet,
672 1760 733 1799 etiam
754 1760 859 1812 privatus,
874 1761 895 1799 in

86 1823 151 1861 certis
160 1822 331 1868 circumstantiis,
344 1822 418 1860 saltem
431 1834 456 1859 ex
470 1821 572 1860 charitate
582 1822 695 1873 obligatur,
703 1823 820 1872 proximum
828 1835 896 1869 suuni,

87 1885 105 1922 si
117 1890 184 1930 erret,
197 1885 307 1924 admonere
320 1889 341 1922 et
352 1883 470 1930 instruere,
483 1884 563 1934 quando
574 1883 656 1923 11111111
668 1884 779 1923 admonitio
788 1884 896 1934 judicatur

86 1947 218 1992 neccssaria,
235 1947 269 1985 vel
284 1952 382 1996 speratur
398 1945 498 1995 majorem
513 1946 605 1985 fructum
621 1947 720 1993 allatura,
740 1959 800 1998 quatu
817 1948 895 1987 11111111-

86 2009 178 2047 modum:
197 2014 271 2059 quanto
290 2008 358 2060 inagis
377 2008 415 2047 hoe
430 2014 564 2058 praeceptum
583 2009 669 2059 urgebit
681 2009 845 2055 confessarium,
864 2010 896 2048 eui

86 2070 207 2121 specialiter
214 2070 376 2109 incumbitsalus
383 2070 549 2120 poenitentium?
562 2069 626 2119 Quem
634 2071 654 2108 in
661 2071 722 2109 finem
731 2071 815 2122 saepius
826 2072 846 2109 iu
854 2084 896 2110 me·

86 2133 173 2171 moriam
184 2132 282 2171 revocari
290 2132 373 2181 juvabit
379 2133 443 2170 verba
454 2132 582 2182 Dominiper
593 2132 720 2182 Prophetam
731 2133 830 2172 dicentis:
844 2133 897 2174 „uili

86 2194 188 2239 hominis,
206 2194 359 2244 speculatorem
375 2194 422 2232 dedi
433 2200 453 2232 te
468 2194 537 2233 domui
550 2195 630 2233 1111111
650 2201 670 2233 11
682 2195 753 2233 audies
766 2195 790 2233 de
803 2208 839 2234 ore
851 2208 897 2234 meo

86 2257 184 2302 verbum,
201 2262 222 2293 et
234 2256 365 2294 annuntiabis
377 2256 408 2294 eis
420 2269 446 2293 ex
457 2269 496 2294 me.
510 2255 534 2293 si
546 2256 628 2295 dicente
640 2269 671 2294 me
685 2257 709 2294 ad
720 2257 814 2308 impium:
826 2259 896 2296 Morte

87 2318 196 2362 1111111111,
212 2330 251 2356 111
264 2317 421 2355 annuntiaveris
438 2318 467 2363 ei,
482 2329 548 2367 neque
564 2319 647 2356 locutus
659 2318 735 2364 fueris,
754 2324 776 2356 ut
788 2326 897 2357 avertatur

88 2381 144 2418 avia
156 2392 193 2418 sua
205 2379 278 2430 impia,
300 2386 321 2417 et
332 2379 402 2418 vivat:
420 2379 465 2429 ipse
483 2379 558 2429 impius
576 2380 597 2417 in
608 2380 718 2430 iniquitate
734 2392 772 2419 sua
784 2382 896 2427 morietur,

87 2443 210 2494 sanguinem
226 2447 295 2480 autern
310 2442 355 2491 ejus
371 2442 395 2480 de
411 2454 472 2479 manu
484 2448 519 2479 tua
531 2441 643 2492 requiram.
660 2441 684 2480 si
696 2448 766 2480 autem
778 2449 800 2481 tu
819 2433 896 2481 annuu-

86 2504 174 2542 tiaveris
189 2504 265 2554 impio,
281 2509 302 2541 et
315 2504 350 2541 ille
366 2516 406 2542 uon
418 2503 483 2541 fuerit
500 2515 616 2542 conversus
638 2504 662 2542 ab
678 2504 784 2554 impietate
801 2517 838 2543 1111
853 2512 898 2544 111

87 2566 120 2604 111
132 2578 170 2604 sua
180 2566 252 2617 impia:
264 2565 309 2615 ipse
322 2565 403 2615 quidem
414 2566 434 2603 in
446 2565 555 2615 iniquitate
568 2578 606 2603 sua
617 2566 725 2611 morietur,
739 2573 761 2604 tu
773 2573 841 2605 autem
854 2568 897 2605 ani·

72 2672 76 2684 x
87 2638 141 2666 mam
152 2634 208 2666 tuam
220 2627 322 2666 liberasti.
335 2626 379 2665 Sed
392 2633 412 2665 et
424 2627 443 2664 si
455 2638 571 2665 conversus
579 2627 651 2676 justus
664 2640 675 2666 a
682 2627 767 2676 justitia
775 2640 814 2666 sua
825 2629 897 2675 fuerit,

88 2693 109 2723 et
120 2688 196 2728 iecerit
206 2689 344 2740 iniquitatem,
355 2701 431 2738 ponam
443 2688 590 2728 offendiculum
603 2701 674 2728 coram
686 2702 717 2736 eo,
729 2690 775 2740 ipse
786 2691 896 2735 morietur,

88 2748 136 2798 quia
150 2762 191 2789 non
208 2751 336 2791 annuntiasti
352 2750 384 2789 ei:
402 2751 423 2790 in
437 2752 524 2802 peccato
537 2763 575 2790 suo
587 2751 700 2796 morietur,
719 2758 740 2790 et
751 2759 865 2792 non-erunt
876 2753 896 2790 in

87 2829 282 2842 Ἦ

112 2883 128 2923 ¹)
138 2881 192 2916 Orat.
201 2885 220 2918 2.
