2056 3193
114 206 160 243 lud:
179 204 311 254 aQuijustus
325 205 504 253 est,justilicetur
517 205 621 253 adhuc¹]'⁷
640 213 661 244 et
679 208 729 245 illud
744 202 839 256 Apostoli
855 201 922 251 Pauli,

115 274 151 305 aut
164 266 257 305 charitas
269 272 341 303 restra
353 266 422 317 magis
435 278 459 304 ac
475 267 543 318 magis
559 267 649 305 abundet
658 265 698 314 2).”
715 270 762 317 Ipse
781 268 842 305 etiam
862 267 921 304 chri-

113 334 158 365 stus
171 328 290 365 sevenisse
303 327 362 364 aitin
375 327 428 365 huuc
441 329 550 376 mundum,
570 336 593 367 ut
605 328 698 366 homines
717 341 756 365 non
775 330 841 367 solum
857 328 921 365 vitam

113 388 211 433 habeant,
224 389 260 426 sed
273 394 294 425 et
306 388 443 425 abundantius
455 388 553 427 habeant.
567 390 661 427 „Natura
672 395 755 433 nostra,
774 390 827 427 scite
839 388 921 439 praefa-

113 455 147 486 tur
160 449 182 487 S.
194 450 237 486 Leo
248 450 286 494 hl,
302 456 398 486 manente
417 448 483 488 adhuc
501 449 638 493 mortalitate,
657 449 776 494 mutabilis,
796 450 878 487 etiamsi
897 449 922 487 ad

113 522 193 548 summa
205 522 297 559 quaeque
309 509 410 547 virtutum
423 510 490 547 stadia
501 509 636 558 provehatur,
649 522 732 558 semper
744 516 811 547 tamen
824 510 921 548 sieutha·

111 571 162 609 berc
173 576 251 621 potest,
263 583 301 620 qno
314 570 402 616 recidat,
413 571 442 608 ita
453 577 522 619 potest
533 569 621 616 habere,
634 583 672 620 quo
686 577 775 609 creseat.
787 573 815 608 Et
825 571 877 610 haee
890 577 922 609 est

111 632 253 680 perfectorum
265 644 316 668 vera
325 631 415 678 justitia,
428 637 559 680 utnunquarn
567 638 709 680 praesumant,
722 644 744 668 se
753 643 800 668 esse
807 633 921 680 perfectos,

111 705 137 730 ne
150 693 173 730 ab
186 692 269 729 itineris
281 692 369 729 nondum
382 692 435 729 finiti
446 691 560 729 intentione
580 699 700 737 cessantes,
718 693 747 730 ihi
760 691 854 730 incidant
872 692 921 730 defi-

112 753 179 791 ciendi
191 753 313 802 perieulum,
332 752 367 789 ubi
378 752 501 801 proficiendi
512 753 646 802 deposuerint
659 753 779 802 adpetitum.
802 754 866 791 Nemo
885 766 920 791 no·

111 821 187 858 strum,
200 813 338 856 dilectissimi,
352 819 393 850 tam
404 813 512 862 perfectus
525 820 545 850 et
557 820 643 852 sanctus
656 820 695 857 est,
708 821 731 851 ut
741 813 857 863 perfectior
873 827 920 852 san-

111 876 205 923 ctiorque
218 886 265 911 esse
278 872 447 921 110np0ssn2).”
466 873 530 921 Quem
542 874 562 910 in
578 874 639 911 finem
658 881 762 923 proponat
777 875 921 911 confessarius

111 936 135 980 a]
148 934 229 985 grande
242 934 365 983 periculum,
382 933 434 983 quod
445 933 538 971 imminet
557 933 637 971 animae
656 933 781 971 desideriunt
799 934 922 982 proficiendi

111 995 229 1042 abjicienti3
243 1000 296 1031 teste
314 994 336 1030 S.
349 994 471 1030 Bernardo:
488 995 544 1032 „Non
557 995 661 1042 proficere
673 994 693 1030 in
706 994 739 1031 ria
755 994 806 1038 Dei,
830 995 920 1032 deficere

111 1055 163 1091 cst.’'
176 1055 200 1100 b]
212 1054 365 1091 Brevissimum
384 1054 422 1091 hoc
434 1054 490 1091 vitae
503 1054 591 1102 spatium
607 1054 684 1091 homiui
702 1067 713 1091 a
731 1056 776 1091 Deo
794 1067 920 1093 concessum

111 1115 191 1159 doceat,
204 1120 226 1151 ut
238 1114 371 1152 incessanter
391 1113 518 1164 proficiendo
537 1114 557 1151 iu
576 1114 647 1165 gratia
667 1120 687 1150 et
705 1114 809 1152 charitate
822 1121 920 1152 aeternae

110 1176 192 1227 gloriae
205 1182 339 1226 augmentum
351 1181 507 1224 promereatur,
529 1175 587 1223 cujus
599 1176 680 1227 gloriae
699 1176 778 1227 gradus
796 1178 829 1214 vel
847 1176 921 1214 unicus

110 1238 155 1274 sine
168 1237 323 1285 comparatione
336 1243 431 1284 praestat
443 1236 599 1285 quibuscunque
611 1237 710 1285 pretiosis
726 1244 746 1273 et
762 1237 920 1275 delectabilibus

111 1298 171 1348 hujus
183 1298 252 1336 mundi
263 1298 333 1335 rebus.

187 1358 213 1409 2)
225 1361 256 1398 Ad
268 1360 418 1411 perfectionem
430 1372 481 1398 vero
494 1361 596 1399 ducantur
607 1360 719 1410 prrttlotfm
731 1364 753 1399 et
764 1360 865 1400 oraliuote
871 1390 879 1411 ,
899 1367 921 1398 ut

111 1424 168 1474 prius
181 1429 283 1462 conentur
295 1423 379 1472 assequi
398 1423 485 1472 prinrum
504 1422 589 1461 virtutis
609 1423 706 1474 gradum,
726 1436 785 1474 quam
805 1424 829 1462 ad
847 1436 921 1473 supre-

111 1499 164 1524 nmrn
177 1485 308 1524 contendant.
320 1484 383 1523 Prius
396 1485 478 1523 discant
490 1484 573 1535 operari
584 1492 644 1524 recta
655 1485 783 1530 intentione,
806 1493 826 1524 et
843 1485 921 1523 imitari

114 1549 208 1587 actiones
221 1547 308 1591 Christi,
321 1559 380 1596 quam
393 1548 434 1584 alta
446 1547 553 1592 meditari3
572 1548 630 1596 prius
642 1547 725 1584 discant
743 1547 798 1595 levia
815 1547 919 1597 patienter

113 1610 178 1655 ferre,
190 1621 249 1659 quam
262 1609 337 1660 gravia
350 1614 447 1658 appetant
452 1623 457 1653 ;
470 1609 528 1658 prius
541 1608 622 1646 discant
633 1608 677 1658 pati
689 1621 754 1658 aequo
767 1608 842 1654 animo,
861 1621 920 1658 quam

113 1671 137 1708 de
150 1670 245 1708 adversis
257 1670 322 1707 velint
337 1670 437 1721 garrelere.
458 1692 487 1697 —-
501 1670 631 1715 Doceantur,
651 1669 750 1720 cujusque
773 1671 921 1719 perfectionem

112 1733 132 1768 in
145 1744 168 1769 eo
182 1732 243 1768 sitam
256 1743 311 1776 esse,
325 1738 347 1768 ut
360 1743 423 1781 opera
435 1731 540 1768 ordinaria
552 1730 604 1768 bene
616 1737 719 1781 peragat,
738 1738 758 1768 et
771 1732 848 1776 onmia,
870 1743 921 1781 quae

112 1805 138 1830 ex
150 1793 219 1830 officio
232 1799 252 1830 et
264 1799 320 1830 statu
334 1793 435 1841 peculiari
446 1792 574 1836 incumbunt,
592 1793 644 1830 bene
657 1792 723 1829 obeat.
746 1792 804 1830 Haec
825 1792 858 1842 qui
869 1793 921 1829 hene

112 1854 170 1898 facit,
182 1853 289 1902 perfectus
302 1859 334 1889 est
341 1867 346 1897 ;
359 1853 410 1891 facit
422 1858 490 1889 autem
502 1853 562 1897 bene,
575 1853 608 1901 qui
619 1853 677 1896 facit,
689 1856 749 1903 pactu,
761 1854 857 1904 qrcscttclo,
870 1865 921 1903 pcto·

111 1915 175 1952 accedo
189 1927 213 1951 ea
225 1915 283 1951 Deus
295 1914 339 1951 vult
351 1913 404 1959 fieri,
419 1913 478 1961 cujus
490 1914 635 1958 sanctissima,
649 1914 751 1950 altissima
764 1920 784 1950 et
797 1913 921 1951 amabilissi-

112 1988 145 2013 ma
156 1975 253 2012 voluntas
266 1975 332 2012 onmis
345 1974 480 2022 perfectionis
493 1974 540 2011 fons
553 1980 574 2010 et
585 1986 659 2012 norma
671 1980 709 2011 est.

186 2032 212 2083 3]
224 2036 353 2074 'Necessaria
371 2042 404 2072 θεῖ
422 2035 516 2072 erunibus
534 2036 672 2086 ricortificotto
691 2035 772 2087 (eliqua.
795 2035 922 2073 Probatione

113 2098 175 2136 etiam
189 2109 239 2146 opus
252 2104 292 2142 est,
306 2103 328 2134 ut.
340 2096 419 2140 rideas,
433 2096 497 2145 quiin
511 2095 578 2133 anima
594 2096 680 2145 spiritus
692 2096 822 2142 dominetur,
841 2103 862 2134 et
873 2109 922 2146 qua-

112 2160 138 2197 lis
151 2159 178 2196 sit
190 2158 297 2196 dominans
310 2159 408 2196 allectus:
428 2163 518 2195 attamen
532 2159 615 2195 cautela
626 2158 749 2196 necessaria
768 2164 801 2194 est
815 2158 835 2195 in
848 2158 921 2207 proba-

113 2220 176 2264 tione,
189 2220 223 2257 ubi
234 2219 315 2257 indoles
328 2219 352 2256 ad
365 2211 457 2256 amorem
469 2230 573 2268 propensa
585 2225 624 2264 cst,
643 2225 678 2256 aut
689 2220 724 2257 uhi
736 2225 922 2268 temperamentum

114 2287 160 2319 atra
171 2281 212 2318 bile
226 2281 323 2324 abundat,
336 2292 382 2317 narn
395 2287 437 2317 tum
450 2279 511 2317 facile
524 2280 592 2316 oritur
604 2280 723 2317 inordinata
736 2279 832 2324 allectio,
847 2280 881 2316 rel
893 2279 922 2316 ni-

113 2343 154 2380 mia
166 2341 262 2389 dejectio.
282 2342 380 2379 Ceterum
393 2354 432 2379 non
445 2353 484 2378 uno
497 2341 556 2378 modo
575 2352 646 2378 omues
664 2341 765 2390 probandi
781 2346 800 2378 et
819 2340 922 2378 tractandi

113 2410 172 2447 sunt,
188 2402 224 2439 sed
237 2409 298 2451 prout
311 2403 372 2440 animi
383 2403 462 2440 indoles
475 2402 517 2439 fert
529 2409 549 2439 et
561 2401 669 2451 praecipit.
684 2403 770 2440 Animae
784 2401 849 2440 adhuc
865 2408 922 2439 teue-

113 2476 157 2509 rae,
177 2476 228 2513 quas
240 2464 298 2502 Deus
310 2463 376 2512 primo
395 2464 434 2501 sihi
452 2463 556 2507 conciliat,
575 2463 657 2500 mollius
677 2464 866 2508 sunttractaudae,
884 2474 923 2500 nee

114 2525 195 2562 omnino
208 2525 323 2562 abeundum
336 2537 347 2561 a
360 2524 434 2562 divinis
447 2523 540 2561 consiliis
553 2523 641 2560 animam
653 2525 746 2562 suaviter
758 2523 882 2561 ducentibus
887 2538 892 2569 3
906 2523 924 2560 si

114 2593 183 2625 autem
196 2586 275 2624 atrimae
288 2593 336 2624 sunt
348 2586 469 2629 nobiliores,
482 2597 518 2621 seu
532 2595 584 2633 quae
596 2583 671 2622 habent
689 2585 770 2636 gratias
786 2591 807 2622 et
821 2585 923 2623 beneficia

113 2648 152 2685 Dei
166 2647 334 2684 extraordinaria
346 2646 500 2699 (singularia),
516 2644 615 2682 suavitati
626 2644 734 2698 jungenda
749 2646 848 2696 quaedam
863 2658 923 2684 sere-

114 2710 174 2755 ritas,
188 2708 235 2759 quia
247 2708 285 2745 hae
297 2720 334 2757 per
347 2708 399 2746 dona
414 2708 497 2760 gratiae
516 2712 564 2744 suut
578 2718 640 2756 pares
656 2707 816 2747 difficultatibus
824 2723 830 2754 ;
849 2708 922 2745 harum

114 2776 183 2808 tamen
195 2769 291 2819 probatio
305 2780 344 2806 nou
357 2770 385 2807 sit
397 2770 493 2819 quaesita
505 2775 526 2806 et
538 2774 618 2816 operta,
631 2770 667 2807 sed
679 2770 715 2808 fiat
727 2783 737 2807 e
750 2782 773 2806 re
786 2775 841 2814 nata,
853 2775 922 2806 utnon

141 2905 154 2944 Ι)
164 2904 225 2945 Apoc.
235 2904 297 2937 XXII.
307 2905 335 2936 11.
345 2922 369 2927 —
377 2906 392 2942 Ξῖ
403 2903 451 2938 Phil.
460 2904 474 2935 Ι.
485 2904 502 2936 9,
511 2922 535 2927 -
544 2902 560 2941 ³)
571 2901 633 2936 Serm.
643 2902 672 2935 40.
