2030 3193
371 242 566 326 torst.

114 429 161 472 lte
177 422 345 482 requisitis
361 421 396 466 in
413 415 613 463 confessario
628 416 834 463 necessariis.

424 548 520 600 divisio

35 675 41 683 ⁹
72 686 90 741 ἕ
104 682 138 726 10.
183 698 222 724 uae
235 684 256 721 in
268 678 398 720 confessario
412 678 437 717 ad
448 678 575 730 frugiferam
586 676 730 715 Paenitentiae
743 676 875 716 Sacramenti

72 747 271 787 administrationem
291 741 438 792 requiruntur,
459 740 546 789 duplicis
566 745 615 777 sunt
631 739 724 790 generis,
756 740 804 777 Alia
820 741 876 777 vide-

73 811 122 848 lieet
132 810 198 858 ipsam
209 806 270 853 hujus
283 803 416 840 Sacramenti
428 801 628 839 administrationem
640 807 746 850 spectant:
764 807 785 837 et
797 801 877 849 quidem

74 873 96 916 a]
113 870 208 904 interna:
227 863 346 911 peculiares
364 863 427 899 animi
443 862 502 898 dotes
520 867 540 896 et
556 861 658 897 virtutes:
683 862 707 906 b)
726 866 827 896 externa:
845 861 878 896 ad-

73 927 166 978 probatio
184 928 204 959 et
217 921 344 969 jurisdictio.
371 921 418 957 Alia
435 926 564 957 concernunt
580 919 679 963 officium,
697 919 750 969 quod
768 931 793 955 ex
810 919 879 956 audita

74 983 221 1029 sacramentali
242 983 373 1023 confessione
393 983 495 1029 resultat,
516 981 612 1020 nimirum
629 981 741 1020 inviolatae
757 980 778 1020 in
795 986 879 1021 secreto

75 1049 212 1093 confessionis
225 1048 327 1086 servando
339 1047 395 1086 fidei.
407 1047 464 1086 Unde
476 1046 528 1085 hacc
539 1059 588 1097 pars
599 1046 641 1084 tria
650 1046 795 1097 complectitur
805 1046 880 1097 capita,

76 1124 160 1164 quorum
175 1112 219 1148 ΙῘΠΠΙΠ
234 1111 258 1148 de
274 1109 402 1148 necessariis
417 1110 438 1147 in
454 1108 584 1147 confessario
598 1108 660 1146 animi
671 1109 753 1146 dotibus
766 1114 826 1157 atque
837 1108 880 1145 vir-

76 1173 164 1216 tutibus,
182 1169 232 1208 fluum
244 1171 268 1207 de
282 1170 408 1208 confessarii
419 1169 566 1219 adprobatione
579 1175 599 1205 et
607 1168 765 1216 jurisdictione,
784 1167 845 1205 ΙΙΙῙῑῑυῃ
857 1169 880 1205 de

74 1232 173 1268 inviolata
186 1221 210 1267 'iu
225 1235 308 1267 secreto
327 1230 466 1267 confessionis
482 1229 584 1266 servando
600 1229 639 1264 fide
655 1240 692 1265 seu
707 1229 731 1264 de
747 1229 816 1277 sigillo
833 1240 881 1264 con-

75 1289 174 1329 fessionis
187 1289 337 1329 sacramentali
349 1289 399 1340 agit.

367 1461 598 1533 CaputL

95 1599 135 1646 De
154 1600 234 1645 ditioni
254 1598 350 1646 dotibus
370 1605 442 1662 utque
461 1597 595 1645 caritatibus
613 1597 641 1644 io
659 1596 810 1662 confessario
826 1613 866 1644 oe-

420 1683 542 1735 eessoriis.
554 1679 556 1681 ’

333 1820 405 1872 lnimi
419 1820 482 1872 dotes
498 1825 519 1872 et
532 1819 635 1872 virtutes.

154 1941 171 1993 ξ.
186 1940 220 1980 li.
239 1943 333 1979 Eximiae
346 1943 409 1979 annui
420 1942 479 1979 dotes
493 1948 513 1979 et
522 1943 619 1986 virtutes,
633 1953 683 1991 quas
693 1942 886 1979 SacramentiPoe·

80 2003 180 2042 nitentiae
193 2003 312 2043 accuratior
324 2003 380 2042 notio
393 2009 413 2042 et
425 2003 516 2057 dignitas
528 2004 549 2043 in
558 2003 688 2043 confessario
697 2003 800 2056 supponit,
814 2016 839 2043 ex
847 2004 887 2044 rite

82 2068 191 2107 ttestimato
207 2068 286 2119 triplici
299 2068 391 2117 ejusdem
404 2081 443 2119 qua
452 2068 551 2119 jttdicis)
569 2068 647 2107 oaediei
659 2074 680 2106 et
691 2067 790 2107 (foetoris
801 2082 887 2107 munere

81 2136 154 2179 sponte
171 2136 333 2179 promanantes,
350 2130 451 2180 imprimis
468 2130 579 2167 laudantur
602 2132 625 2177 a]
643 2130 743 2175 scientia,
765 2131 790 2177 b]
807 2137 889 2168 rectum

83 2197 103 2228 et
122 2197 226 2228 maturum
243 2191 356 2239 judicium,
380 2193 402 2236 c)
419 2191 541 2239 prudentia,
564 2191 588 2236 d)
605 2203 669 2228 verus
690 2191 805 2228 animarum
822 2192 888 2234 zelus,

83 2253 106 2296 e)
118 2251 256 2287 sanctimonia
263 2251 326 2293 vitae,
343 2251 365 2295 f]
378 2250 463 2286 fervens
476 2251 578 2286 orationis
591 2257 612 2286 et
628 2253 654 2300 g]
666 2250 807 2287 meditationis
816 2263 890 2287 sacrae

84 2310 180 2348 studium.
210 2309 397 2354 „Confessarius’z
417 2309 445 2347 ait
460 2309 483 2347 S.
495 2310 621 2348 Laurentius
633 2311 701 2355 Just,
719 2311 847 2349 discretione
864 2312 892 2349 sit

83 2373 192 2424 providus,
207 2373 336 2426 experientia
347 2373 458 2425 probatus,
471 2373 578 2413 ordinatus
590 2374 693 2420 moribus,
707 2375 812 2426 gravitate
825 2382 891 2415 matu-

85 2448 133 2482 rus,
146 2438 256 2476 decoratus
268 2437 389 2481 honestate,
402 2449 511 2475 sacrarum
523 2437 676 2486 scripturarum
689 2450 779 2488 gnaruS,
794 2444 892 2476 austerus

85 2497 150 2542 inse,
167 2498 262 2546 proximo
275 2498 414 2547 compatiens,
432 2498 522 2535 orationi
534 2498 641 2543 assiduus,
657 2498 719 2536 eorde
732 2499 798 2542 mitis,
811 2499 892 2548 eloquio

86 2562 148 2593 tenax
161 2558 212 2594 etin
225 2558 289 2600 omni,
302 2559 321 2594 si
332 2557 432 2606 possibile
445 2563 484 2601 est,
497 2558 600 2606 spirituali
613 2558 723 2606 disciplina
734 2559 855 2606 profectus²'
866 2558 892 2606 ¹),

85 2616 113 2653 Et
125 2616 281 2654 S.Franciseus
295 2616 398 2662 Salesius,
411 2617 549 2655 suavissimus
561 2617 621 2655 simul
634 2630 658 2657 ac
669 2616 810 2668 peritissimus
822 2619 893 2658 iubae

88 2683 132 2717 arte
145 2684 165 2718 et
177 2678 276 2718 tribunali
287 2684 330 2719 tum
341 2679 419 2729 judicis
431 2686 474 2719 tum
485 2680 561 2720 rnedici
572 2687 593 2719 et
604 2680 708 2727 doctoris,
726 2682 750 2720 de
763 2682 893 2722 confessario

88 2742 176 2780 scribit:
200 2743 282 2782 „Debet
297 2755 344 2780 esse
356 2745 389 2781 vir
403 2745 477 2794 plenus
490 2744 603 2790 charitate,
621 2745 720 2790 scientia,
737 2746 856 2795 prudentia:
873 2751 894 2783 et

90 2804 180 2849 qnalibet
200 2817 225 2841 ex
244 2803 277 2841 liis
297 2804 431 2851 qualitatibus
453 2805 562 2843 deficiente
579 2818 615 2843 res
633 2812 665 2844 est
681 2807 741 2856 plena
757 2805 893 2856 pe1·ieuli'’²].

88 2879 283 2890 *Qu—-

114 2916 129 2959 ¹)
138 2919 168 2951 Dc
179 2920 239 2955 Obcd.
250 2930 266 2955 c.
277 2922 306 2955 20.
317 2937 340 2944 —-
348 2922 365 2962 2)
374 2921 459 2956 Philoth.
472 2922 493 2957 P.
503 2923 517 2957 Ι.
529 2931 545 2956 εΔ
555 2924 573 2957 5.
