<?xml version="1.0" encoding="UTF-8"?>
<!DOCTYPE html PUBLIC "-//W3C//DTD XHTML 1.0 Transitional//EN"
    "http://www.w3.org/TR/xhtml1/DTD/xhtml1-transitional.dtd">
<html xmlns="http://www.w3.org/1999/xhtml" xml:lang="en" lang="en">
 <head>
  <title>
</title>
<meta http-equiv="Content-Type" content="text/html;charset=utf-8" />
  <meta name='ocr-system' content='tesseract 3.04.00' />
  <meta name='ocr-capabilities' content='ocr_page ocr_carea ocr_par ocr_line ocrx_word'/>
</head>
<body>
  <div class='ocr_page' id='page_1' title='image "MN42038ucmf_0_0304.png"; bbox 0 0 2056 3193; ppageno 0'>
   <div class='ocr_carea' id='block_1_1' title="bbox 146 115 190 157">
    <p class='ocr_par' dir='ltr' id='par_1_1' title="bbox 146 115 190 157">
     <span class='ocr_line' id='line_1_1' title="bbox 146 115 190 157; baseline 0 0"><span class='ocrx_word' id='word_1_1' title='bbox 146 115 190 157; x_wconf 71' lang='lat'>262</span> 
     </span>
    </p>
   </div>
   <div class='ocr_carea' id='block_1_2' title="bbox 121 226 960 1684">
    <p class='ocr_par' dir='ltr' id='par_1_2' title="bbox 148 226 956 402">
     <span class='ocr_line' id='line_1_2' title="bbox 148 226 956 279; baseline -0.002 -13"><span class='ocrx_word' id='word_1_2' title='bbox 148 230 257 272; x_wconf 72' lang='lat' dir='ltr'>didissent,</span> <span class='ocrx_word' id='word_1_3' title='bbox 278 234 298 264; x_wconf 87' lang='lat' dir='ltr'>nt</span> <span class='ocrx_word' id='word_1_4' title='bbox 310 226 398 276; x_wconf 84' lang='lat' dir='ltr'>perfecti</span> <span class='ocrx_word' id='word_1_5' title='bbox 411 227 546 274; x_wconf 70' lang='lat' dir='ltr'>haberentur,</span> <span class='ocrx_word' id='word_1_6' title='bbox 563 228 686 279; x_wconf 74' lang='lat' dir='ltr'>permisisse</span> <span class='ocrx_word' id='word_1_7' title='bbox 698 229 776 275; x_wconf 87' lang='lat' dir='ltr'>Deum,</span> <span class='ocrx_word' id='word_1_8' title='bbox 796 227 881 266; x_wconf 88' lang='lat' dir='ltr'>mediam</span> <span class='ocrx_word' id='word_1_9' title='bbox 894 227 956 276; x_wconf 89' lang='lat' dir='ltr'>pretii</span> 
     </span>
     <span class='ocr_line' id='line_1_3' title="bbox 149 287 955 340; baseline -0.002 -13"><span class='ocrx_word' id='word_1_10' title='bbox 149 297 227 339; x_wconf 90' lang='lat' dir='ltr'>partem</span> <span class='ocrx_word' id='word_1_11' title='bbox 240 287 278 325; x_wconf 91' lang='lat' dir='ltr'>sibi</span> <span class='ocrx_word' id='word_1_12' title='bbox 291 288 392 333; x_wconf 83' lang='lat' dir='ltr'>retinere,</span> <span class='ocrx_word' id='word_1_13' title='bbox 405 296 490 338; x_wconf 86' lang='lat' dir='ltr'>propter</span> <span class='ocrx_word' id='word_1_14' title='bbox 503 291 555 339; x_wconf 80' lang='lat' dir='ltr'>qnod</span> <span class='ocrx_word' id='word_1_15' title='bbox 568 296 654 340; x_wconf 88' lang='lat' dir='ltr'>repente</span> <span class='ocrx_word' id='word_1_16' title='bbox 666 295 777 338; x_wconf 85' lang='lat' dir='ltr'>utrumque</span> <span class='ocrx_word' id='word_1_17' title='bbox 790 296 892 327; x_wconf 87' lang='lat' dir='ltr'>rnortnum</span> <span class='ocrx_word' id='word_1_18' title='bbox 905 288 955 325; x_wconf 91' lang='lat' dir='ltr'>fnis-</span> 
     </span>
     <span class='ocr_line' id='line_1_4' title="bbox 148 349 915 402; baseline 0.005 -16"><span class='ocrx_word' id='word_1_19' title='bbox 148 364 180 395; x_wconf 51' lang='lat' dir='ltr'>sc,¹</span> <span class='ocrx_word' id='word_1_20' title='bbox 193 350 295 398; x_wconf 77' lang='lat' dir='ltr'>ahrrulqne</span> <span class='ocrx_word' id='word_1_21' title='bbox 309 361 355 387; x_wconf 86' lang='lat' dir='ltr'>enm</span> <span class='ocrx_word' id='word_1_22' title='bbox 366 349 410 387; x_wconf 80' lang='lat' dir='ltr'>rita</span> <span class='ocrx_word' id='word_1_23' title='bbox 421 349 531 397; x_wconf 82' lang='lat' dir='ltr'>honorem,</span> <span class='ocrx_word' id='word_1_24' title='bbox 545 365 603 402; x_wconf 74' lang='lat' dir='ltr'>qutun</span> <span class='ocrx_word' id='word_1_25' title='bbox 616 349 754 394; x_wconf 77' lang='lat' dir='ltr'>affectabam,</span> <span class='ocrx_word' id='word_1_26' title='bbox 767 351 870 389; x_wconf 86' lang='lat' dir='ltr'>aurisisso.</span> <span class='ocrx_word' id='word_1_27' title='bbox 911 385 915 390; x_wconf 79' lang='grc'>.</span> 
     </span>
    </p>

    <p class='ocr_par' dir='ltr' id='par_1_3' title="bbox 148 406 958 1073">
     <span class='ocr_line' id='line_1_5' title="bbox 222 406 955 461; baseline -0.001 -12"><span class='ocrx_word' id='word_1_28' title='bbox 222 406 246 457; x_wconf 80' lang='lat'>3]</span> <span class='ocrx_word' id='word_1_29' title='bbox 261 410 337 448; x_wconf 83' lang='lat' dir='ltr'>Secum</span> <span class='ocrx_word' id='word_1_30' title='bbox 351 411 463 460; x_wconf 82' lang='lat' dir='ltr'>expendat,</span> <span class='ocrx_word' id='word_1_31' title='bbox 476 425 535 461; x_wconf 79' lang='lat' dir='ltr'>uriam</span> <span class='ocrx_word' id='word_1_32' title='bbox 548 412 670 450; x_wconf 82' lang='lat' dir='ltr'>benevolum</span> <span class='ocrx_word' id='word_1_33' title='bbox 682 417 701 447; x_wconf 86' lang='lat' dir='ltr'>et</span> <span class='ocrx_word' id='word_1_34' title='bbox 714 410 802 449; x_wconf 80' lang='lat' dir='ltr'>amioum</span> <span class='ocrx_word' id='word_1_35' title='bbox 814 425 837 450; x_wconf 90' lang='lat' dir='ltr'>se</span> <span class='ocrx_word' id='word_1_36' title='bbox 849 412 906 449; x_wconf 87' lang='lat' dir='ltr'>Deus</span> <span class='ocrx_word' id='word_1_37' title='bbox 919 409 955 448; x_wconf 91' lang='lat' dir='ltr'>hu·</span> 
     </span>
     <span class='ocr_line' id='line_1_6' title="bbox 149 470 956 524; baseline 0.001 -15"><span class='ocrx_word' id='word_1_38' title='bbox 149 472 230 509; x_wconf 86' lang='lat' dir='ltr'>milibus</span> <span class='ocrx_word' id='word_1_39' title='bbox 244 470 350 517; x_wconf 82' lang='lat' dir='ltr'>exhibeat,</span> <span class='ocrx_word' id='word_1_40' title='bbox 369 472 468 522; x_wconf 81' lang='lat' dir='ltr'>variaque</span> <span class='ocrx_word' id='word_1_41' title='bbox 489 479 507 510; x_wconf 89' lang='lat' dir='ltr'>et</span> <span class='ocrx_word' id='word_1_42' title='bbox 526 486 602 524; x_wconf 79' lang='lat' dir='ltr'>magna</span> <span class='ocrx_word' id='word_1_43' title='bbox 621 472 673 510; x_wconf 87' lang='lat' dir='ltr'>dona</span> <span class='ocrx_word' id='word_1_44' title='bbox 691 471 799 509; x_wconf 72' lang='lat' dir='ltr'>concedat</span> <span class='ocrx_word' id='word_1_45' title='bbox 817 473 862 510; x_wconf 84' lang='lat' dir='ltr'>Rex</span> <span class='ocrx_word' id='word_1_46' title='bbox 874 471 956 516; x_wconf 72' lang='lat' dir='ltr'>nahah,</span> 
     </span>
     <span class='ocr_line' id='line_1_7' title="bbox 149 530 957 583; baseline 0.001 -13"><span class='ocrx_word' id='word_1_47' title='bbox 149 534 200 583; x_wconf 80' lang='lat' dir='ltr'>qrrod</span> <span class='ocrx_word' id='word_1_48' title='bbox 213 544 235 570; x_wconf 80' lang='lat' dir='ltr'>se</span> <span class='ocrx_word' id='word_1_49' title='bbox 249 530 377 570; x_wconf 56' lang='lat' dir='ltr'>eoram&#39;Deo</span> <span class='ocrx_word' id='word_1_50' title='bbox 390 533 530 579; x_wconf 85' lang='lat' dir='ltr'>lnnniliasset‚</span> <span class='ocrx_word' id='word_1_51' title='bbox 550 532 614 571; x_wconf 58' lang='lat' dir='ltr'>tetrasit</span> <span class='ocrx_word' id='word_1_52' title='bbox 634 545 722 583; x_wconf 77' lang='lat' dir='ltr'>poenaS,</span> <span class='ocrx_word' id='word_1_53' title='bbox 742 543 793 581; x_wconf 81' lang='lat' dir='ltr'>quas</span> <span class='ocrx_word' id='word_1_54' title='bbox 810 533 869 571; x_wconf 88' lang='lat' dir='ltr'>Dens</span> <span class='ocrx_word' id='word_1_55' title='bbox 888 533 957 571; x_wconf 84' lang='lat' dir='ltr'>fuerat</span> 
     </span>
     <span class='ocr_line' id='line_1_8' title="bbox 148 592 956 644; baseline 0.001 -14"><span class='ocrx_word' id='word_1_56' title='bbox 148 594 178 631; x_wconf 92' lang='lat' dir='ltr'>illi</span> <span class='ocrx_word' id='word_1_57' title='bbox 191 594 280 631; x_wconf 89' lang='lat' dir='ltr'>minatus</span> <span class='ocrx_word' id='word_1_58' title='bbox 293 592 317 641; x_wconf 77' lang='lat'>¹).</span> <span class='ocrx_word' id='word_1_59' title='bbox 343 594 469 632; x_wconf 83' lang='lat' dir='ltr'>Publicanos</span> <span class='ocrx_word' id='word_1_60' title='bbox 482 594 544 631; x_wconf 83' lang='lat' dir='ltr'>etiam</span> <span class='ocrx_word' id='word_1_61' title='bbox 556 600 642 644; x_wconf 90' lang='lat' dir='ltr'>propter</span> <span class='ocrx_word' id='word_1_62' title='bbox 654 593 790 631; x_wconf 72' lang='lat' dir='ltr'><strong>humilitatem</strong></span> <span class='ocrx_word' id='word_1_63' title='bbox 804 593 910 632; x_wconf 83' lang='lat' dir='ltr'>deseendit</span> <span class='ocrx_word' id='word_1_64' title='bbox 923 594 956 642; x_wconf 90' lang='lat' dir='ltr'>jn-</span> 
     </span>
     <span class='ocr_line' id='line_1_9' title="bbox 148 653 956 702; baseline 0.001 -11"><span class='ocrx_word' id='word_1_65' title='bbox 148 654 253 692; x_wconf 85' lang='lat' dir='ltr'>stilieatus</span> <span class='ocrx_word' id='word_1_66' title='bbox 267 654 286 691; x_wconf 90' lang='lat' dir='ltr'>in</span> <span class='ocrx_word' id='word_1_67' title='bbox 299 654 378 692; x_wconf 90' lang='lat' dir='ltr'>donnnn</span> <span class='ocrx_word' id='word_1_68' title='bbox 391 666 459 698; x_wconf 85' lang='lat' dir='ltr'>suam,</span> <span class='ocrx_word' id='word_1_69' title='bbox 480 667 525 692; x_wconf 90' lang='lat' dir='ltr'>cnm</span> <span class='ocrx_word' id='word_1_70' title='bbox 538 655 666 692; x_wconf 70' lang='lat' dir='ltr'>Pharisaeus</span> <span class='ocrx_word' id='word_1_71' title='bbox 679 654 703 692; x_wconf 93' lang='lat' dir='ltr'>ob</span> <span class='ocrx_word' id='word_1_72' title='bbox 716 653 835 702; x_wconf 88' lang='lat' dir='ltr'>snperbiam</span> <span class='ocrx_word' id='word_1_73' title='bbox 848 653 912 692; x_wconf 87' lang='lat' dir='ltr'>fuerit</span> <span class='ocrx_word' id='word_1_74' title='bbox 923 667 956 692; x_wconf 88' lang='lat' dir='ltr'>re-</span> 
     </span>
     <span class='ocr_line' id='line_1_10' title="bbox 149 714 958 766; baseline -0.004 -9"><span class='ocrx_word' id='word_1_75' title='bbox 149 716 249 766; x_wconf 67' lang='lat' dir='ltr'>probatus</span> <span class='ocrx_word' id='word_1_76' title='bbox 260 714 285 762; x_wconf 54' lang='lat'>⁴²).</span> <span class='ocrx_word' id='word_1_77' title='bbox 299 716 376 752; x_wconf 76' lang='lat' dir='ltr'>Eodem</span> <span class='ocrx_word' id='word_1_78' title='bbox 389 727 441 766; x_wconf 77' lang='lat' dir='ltr'>et¹go</span> <span class='ocrx_word' id='word_1_79' title='bbox 455 715 523 760; x_wconf 77' lang='lat' dir='ltr'>muto,</span> <span class='ocrx_word' id='word_1_80' title='bbox 537 729 582 754; x_wconf 94' lang='lat' dir='ltr'>enm</span> <span class='ocrx_word' id='word_1_81' title='bbox 595 729 618 753; x_wconf 88' lang='lat' dir='ltr'>se</span> <span class='ocrx_word' id='word_1_82' title='bbox 627 715 679 764; x_wconf 84' lang='lat' dir='ltr'>justi</span> <span class='ocrx_word' id='word_1_83' title='bbox 694 714 811 759; x_wconf 88' lang='lat' dir='ltr'>humiliant,</span> <span class='ocrx_word' id='word_1_84' title='bbox 830 714 849 751; x_wconf 92' lang='lat' dir='ltr'>in</span> <span class='ocrx_word' id='word_1_85' title='bbox 863 715 934 753; x_wconf 83' lang='lat' dir='ltr'>cadem</span> <span class='ocrx_word' id='word_1_86' title='bbox 947 729 958 754; x_wconf 88' lang='lat' dir='ltr'>a</span> 
     </span>
     <span class='ocr_line' id='line_1_11' title="bbox 151 774 957 829; baseline 0.001 -15"><span class='ocrx_word' id='word_1_87' title='bbox 151 778 193 814; x_wconf 82' lang='lat' dir='ltr'>fleo</span> <span class='ocrx_word' id='word_1_88' title='bbox 208 776 289 825; x_wconf 79' lang='lat' dir='ltr'>justitia</span> <span class='ocrx_word' id='word_1_89' title='bbox 306 777 434 821; x_wconf 43' lang='lat' dir='ltr'>[exaltantium</span> <span class='ocrx_word' id='word_1_90' title='bbox 454 783 558 829; x_wconf 63' lang='lat' dir='ltr'>tangentur</span> <span class='ocrx_word' id='word_1_91' title='bbox 571 777 625 814; x_wconf 91' lang='lat' dir='ltr'>euim</span> <span class='ocrx_word' id='word_1_92' title='bbox 637 777 678 814; x_wconf 88' lang='lat' dir='ltr'>illis</span> <span class='ocrx_word' id='word_1_93' title='bbox 691 775 793 814; x_wconf 81' lang='lat' dir='ltr'>sanctitas</span> <span class='ocrx_word' id='word_1_94' title='bbox 806 781 826 813; x_wconf 90' lang='lat' dir='ltr'>et</span> <span class='ocrx_word' id='word_1_95' title='bbox 844 774 895 813; x_wconf 91' lang='lat' dir='ltr'>dona</span> <span class='ocrx_word' id='word_1_96' title='bbox 908 789 957 827; x_wconf 78' lang='lat' dir='ltr'>gra-</span> 
     </span>
     <span class='ocr_line' id='line_1_12' title="bbox 150 836 957 888; baseline 0.001 -14"><span class='ocrx_word' id='word_1_97' title='bbox 150 838 200 882; x_wconf 81' lang='lat' dir='ltr'>tiae,</span> <span class='ocrx_word' id='word_1_98' title='bbox 213 837 318 886; x_wconf 81' lang='lat' dir='ltr'>honorque</span> <span class='ocrx_word' id='word_1_99' title='bbox 332 843 351 874; x_wconf 90' lang='lat' dir='ltr'>ct</span> <span class='ocrx_word' id='word_1_100' title='bbox 364 837 442 887; x_wconf 77' lang='lat' dir='ltr'>gloria,</span> <span class='ocrx_word' id='word_1_101' title='bbox 456 850 515 888; x_wconf 76' lang='lat' dir='ltr'>qnam</span> <span class='ocrx_word' id='word_1_102' title='bbox 528 845 639 888; x_wconf 91' lang='lat' dir='ltr'>propterea</span> <span class='ocrx_word' id='word_1_103' title='bbox 651 842 803 888; x_wconf 78' lang='lat' dir='ltr'>promerentur</span> <span class='ocrx_word' id='word_1_104' title='bbox 817 836 838 874; x_wconf 91' lang='lat' dir='ltr'>ld</span> <span class='ocrx_word' id='word_1_105' title='bbox 851 836 904 886; x_wconf 86' lang='lat' dir='ltr'>qnod</span> <span class='ocrx_word' id='word_1_106' title='bbox 916 837 957 875; x_wconf 90' lang='lat' dir='ltr'>sin-</span> 
     </span>
     <span class='ocr_line' id='line_1_13' title="bbox 148 898 958 952; baseline 0 -16"><span class='ocrx_word' id='word_1_107' title='bbox 148 899 252 950; x_wconf 72' lang='lat' dir='ltr'>gulariter</span> <span class='ocrx_word' id='word_1_108' title='bbox 265 898 283 934; x_wconf 94' lang='lat' dir='ltr'>in</span> <span class='ocrx_word' id='word_1_109' title='bbox 297 898 441 936; x_wconf 84' lang='lat' dir='ltr'>laudatissima</span> <span class='ocrx_word' id='word_1_110' title='bbox 452 901 518 937; x_wconf 87' lang='lat' dir='ltr'>Beata</span> <span class='ocrx_word' id='word_1_111' title='bbox 530 900 621 952; x_wconf 75' lang='lat' dir='ltr'>Virgine</span> <span class='ocrx_word' id='word_1_112' title='bbox 633 900 701 937; x_wconf 83' lang='lat' dir='ltr'>hlaria</span> <span class='ocrx_word' id='word_1_113' title='bbox 714 898 805 948; x_wconf 86' lang='lat' dir='ltr'>spectari</span> <span class='ocrx_word' id='word_1_114' title='bbox 818 904 894 947; x_wconf 89' lang='lat' dir='ltr'>potest,</span> <span class='ocrx_word' id='word_1_115' title='bbox 907 910 958 948; x_wconf 85' lang='lat' dir='ltr'>quae</span> 
     </span>
     <span class='ocr_line' id='line_1_14' title="bbox 150 959 958 1010; baseline 0.001 -13"><span class='ocrx_word' id='word_1_116' title='bbox 150 967 234 1010; x_wconf 88' lang='lat' dir='ltr'>propter</span> <span class='ocrx_word' id='word_1_117' title='bbox 247 960 383 998; x_wconf 67' lang='lat' dir='ltr'>‹ucotteuum</span> <span class='ocrx_word' id='word_1_118' title='bbox 397 972 454 999; x_wconf 88' lang='lat' dir='ltr'>snam</span> <span class='ocrx_word' id='word_1_119' title='bbox 468 961 603 1000; x_wconf 70' lang='lat' dir='ltr'>humilitatem</span> <span class='ocrx_word' id='word_1_120' title='bbox 621 961 670 999; x_wconf 88' lang='lat' dir='ltr'>adeo</span> <span class='ocrx_word' id='word_1_121' title='bbox 690 960 782 999; x_wconf 87' lang='lat' dir='ltr'>exaltata</span> <span class='ocrx_word' id='word_1_122' title='bbox 800 959 848 1005; x_wconf 83' lang='lat' dir='ltr'>fnit,</span> <span class='ocrx_word' id='word_1_123' title='bbox 867 959 922 998; x_wconf 86' lang='lat' dir='ltr'>sicut</span> <span class='ocrx_word' id='word_1_124' title='bbox 938 960 958 998; x_wconf 92' lang='lat' dir='ltr'>in</span> 
     </span>
     <span class='ocr_line' id='line_1_15' title="bbox 148 1020 668 1073; baseline 0 -13"><span class='ocrx_word' id='word_1_125' title='bbox 148 1023 222 1071; x_wconf 79' lang='lat' dir='ltr'>hpmuo</span> <span class='ocrx_word' id='word_1_126' title='bbox 235 1033 284 1058; x_wconf 78' lang='lat' dir='ltr'>sno:</span> <span class='ocrx_word' id='word_1_127' title='bbox 297 1020 430 1072; x_wconf 74' lang='lat' dir='ltr'>dftrpnistcol</span> <span class='ocrx_word' id='word_1_128' title='bbox 440 1030 480 1069; x_wconf 87' lang='lat' dir='ltr'>ote,</span> <span class='ocrx_word' id='word_1_129' title='bbox 493 1023 538 1073; x_wconf 91' lang='lat' dir='ltr'>ipsa</span> <span class='ocrx_word' id='word_1_130' title='bbox 551 1024 668 1062; x_wconf 83' lang='lat' dir='ltr'>confitetur.</span> 
     </span>
    </p>

    <p class='ocr_par' dir='ltr' id='par_1_4' title="bbox 121 1079 960 1684">
     <span class='ocr_line' id='line_1_16' title="bbox 222 1079 959 1135; baseline 0.001 -14"><span class='ocrx_word' id='word_1_131' title='bbox 222 1079 248 1129; x_wconf 71' lang='lat' dir='ltr'>al)</span> <span class='ocrx_word' id='word_1_132' title='bbox 267 1084 397 1121; x_wconf 81' lang='lat' dir='ltr'>lteeordetnr</span> <span class='ocrx_word' id='word_1_133' title='bbox 417 1085 536 1133; x_wconf 80' lang='lat' dir='ltr'>poeuitons,</span> <span class='ocrx_word' id='word_1_134' title='bbox 562 1098 621 1135; x_wconf 84' lang='lat' dir='ltr'>qnam</span> <span class='ocrx_word' id='word_1_135' title='bbox 640 1085 708 1122; x_wconf 89' lang='lat' dir='ltr'>nmltis</span> <span class='ocrx_word' id='word_1_136' title='bbox 727 1082 920 1133; x_wconf 82' lang='lat' dir='ltr'>iinperfectionilnrs</span> <span class='ocrx_word' id='word_1_137' title='bbox 939 1090 959 1122; x_wconf 88' lang='lat' dir='ltr'>et</span> 
     </span>
     <span class='ocr_line' id='line_1_17' title="bbox 121 1144 957 1196; baseline -0.002 -13"><span class='ocrx_word' id='word_1_138' title='bbox 121 1183 125 1191; x_wconf 37' lang='lat' dir='ltr'><em>f</em></span> <span class='ocrx_word' id='word_1_139' title='bbox 150 1145 266 1183; x_wconf 76' lang='lat' dir='ltr'>defectibus</span> <span class='ocrx_word' id='word_1_140' title='bbox 279 1145 372 1188; x_wconf 81' lang='lat' dir='ltr'>laboret,</span> <span class='ocrx_word' id='word_1_141' title='bbox 393 1146 555 1195; x_wconf 76' lang='lat' dir='ltr'>otiandotptidem</span> <span class='ocrx_word' id='word_1_142' title='bbox 567 1146 684 1191; x_wconf 84' lang='lat' dir='ltr'>humilitas,</span> <span class='ocrx_word' id='word_1_143' title='bbox 704 1145 826 1196; x_wconf 73' lang='lat' dir='ltr'>(pitanitium</span> <span class='ocrx_word' id='word_1_144' title='bbox 846 1144 957 1194; x_wconf 79' lang='lat' dir='ltr'>superbiae</span> 
     </span>
     <span class='ocr_line' id='line_1_18' title="bbox 151 1205 959 1255; baseline 0.001 -12"><span class='ocrx_word' id='word_1_145' title='bbox 151 1207 212 1244; x_wconf 70' lang='lat' dir='ltr'>reluti</span> <span class='ocrx_word' id='word_1_146' title='bbox 227 1218 263 1242; x_wconf 86' lang='lat' dir='ltr'>suo</span> <span class='ocrx_word' id='word_1_147' title='bbox 277 1205 383 1243; x_wconf 88' lang='lat' dir='ltr'>contrario</span> <span class='ocrx_word' id='word_1_148' title='bbox 396 1208 467 1244; x_wconf 85' lang='lat' dir='ltr'>curari</span> <span class='ocrx_word' id='word_1_149' title='bbox 486 1207 558 1253; x_wconf 77' lang='lat' dir='ltr'>debet,</span> <span class='ocrx_word' id='word_1_150' title='bbox 578 1221 602 1246; x_wconf 80' lang='lat' dir='ltr'>ex</span> <span class='ocrx_word' id='word_1_151' title='bbox 615 1207 727 1251; x_wconf 83' lang='lat' dir='ltr'>verissima</span> <span class='ocrx_word' id='word_1_152' title='bbox 742 1206 924 1255; x_wconf 84' lang='lat' dir='ltr'>imperfectionnm</span> <span class='ocrx_word' id='word_1_153' title='bbox 939 1213 959 1244; x_wconf 88' lang='lat' dir='ltr'>et</span> 
     </span>
     <span class='ocr_line' id='line_1_19' title="bbox 150 1267 960 1319; baseline 0 -14"><span class='ocrx_word' id='word_1_154' title='bbox 150 1268 279 1311; x_wconf 78' lang='lat' dir='ltr'>defectuum,</span> <span class='ocrx_word' id='word_1_155' title='bbox 300 1280 336 1305; x_wconf 89' lang='lat' dir='ltr'>nee</span> <span class='ocrx_word' id='word_1_156' title='bbox 350 1279 388 1304; x_wconf 93' lang='lat' dir='ltr'>non</span> <span class='ocrx_word' id='word_1_157' title='bbox 402 1269 525 1319; x_wconf 80' lang='lat' dir='ltr'>orunigenae</span> <span class='ocrx_word' id='word_1_158' title='bbox 539 1270 607 1307; x_wconf 80' lang='lat' dir='ltr'>allen</span> <span class='ocrx_word' id='word_1_159' title='bbox 620 1267 768 1318; x_wconf 86' lang='lat' dir='ltr'>dependentiae</span> <span class='ocrx_word' id='word_1_160' title='bbox 782 1269 888 1318; x_wconf 83' lang='lat' dir='ltr'>agnitione</span> <span class='ocrx_word' id='word_1_161' title='bbox 900 1268 960 1306; x_wconf 86' lang='lat' dir='ltr'>nasei</span> 
     </span>
     <span class='ocr_line' id='line_1_20' title="bbox 149 1328 958 1379; baseline -0.001 -13"><span class='ocrx_word' id='word_1_162' title='bbox 149 1330 222 1366; x_wconf 85' lang='lat' dir='ltr'>soleat.</span> <span class='ocrx_word' id='word_1_163' title='bbox 242 1328 341 1366; x_wconf 73' lang='lat' dir='ltr'>Profecto</span> <span class='ocrx_word' id='word_1_164' title='bbox 354 1328 452 1378; x_wconf 78' lang='lat' dir='ltr'>ingentes</span> <span class='ocrx_word' id='word_1_165' title='bbox 465 1330 551 1379; x_wconf 86' lang='lat' dir='ltr'>quisque</span> <span class='ocrx_word' id='word_1_166' title='bbox 564 1331 583 1367; x_wconf 96' lang='lat' dir='ltr'>in</span> <span class='ocrx_word' id='word_1_167' title='bbox 597 1330 638 1367; x_wconf 86' lang='lat' dir='ltr'>rita</span> <span class='ocrx_word' id='word_1_168' title='bbox 651 1336 698 1367; x_wconf 86' lang='lat' dir='ltr'>ante</span> <span class='ocrx_word' id='word_1_169' title='bbox 711 1335 758 1367; x_wconf 82' lang='lat' dir='ltr'>aeta</span> <span class='ocrx_word' id='word_1_170' title='bbox 769 1328 854 1367; x_wconf 83' lang='lat' dir='ltr'>lacunas</span> <span class='ocrx_word' id='word_1_171' title='bbox 867 1329 958 1377; x_wconf 87' lang='lat' dir='ltr'>reperit,</span> 
     </span>
     <span class='ocr_line' id='line_1_21' title="bbox 149 1387 958 1439; baseline -0.001 -12"><span class='ocrx_word' id='word_1_172' title='bbox 149 1391 172 1427; x_wconf 89' lang='lat' dir='ltr'>de</span> <span class='ocrx_word' id='word_1_173' title='bbox 186 1390 259 1439; x_wconf 81' lang='lat' dir='ltr'>quibus</span> <span class='ocrx_word' id='word_1_174' title='bbox 273 1389 346 1427; x_wconf 88' lang='lat' dir='ltr'>merito</span> <span class='ocrx_word' id='word_1_175' title='bbox 360 1390 482 1435; x_wconf 86' lang='lat' dir='ltr'>erubeseat,</span> <span class='ocrx_word' id='word_1_176' title='bbox 501 1403 546 1428; x_wconf 85' lang='lat' dir='ltr'>narn</span> <span class='ocrx_word' id='word_1_177' title='bbox 567 1392 600 1430; x_wconf 62' lang='lat' dir='ltr'>„iu</span> <span class='ocrx_word' id='word_1_178' title='bbox 620 1392 690 1428; x_wconf 92' lang='lat' dir='ltr'>multis</span> <span class='ocrx_word' id='word_1_179' title='bbox 702 1387 958 1436; x_wconf 66' lang='lat' dir='ltr'>offeudtmusoumes‘³).</span> 
     </span>
     <span class='ocr_line' id='line_1_22' title="bbox 151 1447 959 1500; baseline -0.001 -12"><span class='ocrx_word' id='word_1_180' title='bbox 151 1453 191 1489; x_wconf 69' lang='lat' dir='ltr'>„Et</span> <span class='ocrx_word' id='word_1_181' title='bbox 204 1450 236 1500; x_wconf 80' lang='lat' dir='ltr'>qui</span> <span class='ocrx_word' id='word_1_182' title='bbox 250 1450 306 1494; x_wconf 77' lang='lat' dir='ltr'>dicit,</span> <span class='ocrx_word' id='word_1_183' title='bbox 319 1463 341 1486; x_wconf 88' lang='lat' dir='ltr'>se</span> <span class='ocrx_word' id='word_1_184' title='bbox 355 1457 463 1498; x_wconf 79' lang='lat' dir='ltr'>peecatum</span> <span class='ocrx_word' id='word_1_185' title='bbox 473 1464 512 1488; x_wconf 94' lang='lat' dir='ltr'>non</span> <span class='ocrx_word' id='word_1_186' title='bbox 526 1452 610 1496; x_wconf 87' lang='lat' dir='ltr'>habore,</span> <span class='ocrx_word' id='word_1_187' title='bbox 624 1452 710 1490; x_wconf 79' lang='lat' dir='ltr'>rnendax</span> <span class='ocrx_word' id='word_1_188' title='bbox 724 1450 768 1487; x_wconf 85' lang='lat' dir='ltr'>est&#39;⁷</span> <span class='ocrx_word' id='word_1_189' title='bbox 778 1447 804 1497; x_wconf 63' lang='grc'>4).</span> <span class='ocrx_word' id='word_1_190' title='bbox 819 1451 871 1500; x_wconf 78' lang='lat' dir='ltr'>Quot</span> <span class='ocrx_word' id='word_1_191' title='bbox 885 1451 959 1487; x_wconf 88' lang='lat' dir='ltr'>mentis</span> 
     </span>
     <span class='ocr_line' id='line_1_23' title="bbox 151 1511 959 1563; baseline 0 -15"><span class='ocrx_word' id='word_1_192' title='bbox 151 1513 243 1549; x_wconf 77' lang='lat' dir='ltr'>tuaenlae</span> <span class='ocrx_word' id='word_1_193' title='bbox 256 1512 300 1547; x_wconf 81' lang='lat' dir='ltr'>lteo</span> <span class='ocrx_word' id='word_1_194' title='bbox 313 1511 414 1548; x_wconf 90' lang='lat' dir='ltr'>onmiseio</span> <span class='ocrx_word' id='word_1_195' title='bbox 426 1513 492 1550; x_wconf 87' lang='lat' dir='ltr'>nudae</span> <span class='ocrx_word' id='word_1_196' title='bbox 505 1520 525 1550; x_wconf 88' lang='lat' dir='ltr'>et</span> <span class='ocrx_word' id='word_1_197' title='bbox 537 1520 622 1563; x_wconf 84' lang='lat' dir='ltr'>aperlae</span> <span class='ocrx_word' id='word_1_198' title='bbox 636 1520 708 1557; x_wconf 83' lang='lat' dir='ltr'>erunt,</span> <span class='ocrx_word' id='word_1_199' title='bbox 728 1525 779 1561; x_wconf 85' lang='lat' dir='ltr'>qnae</span> <span class='ocrx_word' id='word_1_200' title='bbox 792 1513 884 1550; x_wconf 84' lang='lat' dir='ltr'>notitiam</span> <span class='ocrx_word' id='word_1_201' title='bbox 898 1518 918 1548; x_wconf 88' lang='lat' dir='ltr'>et</span> <span class='ocrx_word' id='word_1_202' title='bbox 930 1518 959 1549; x_wconf 90' lang='lat' dir='ltr'>at-</span> 
     </span>
     <span class='ocr_line' id='line_1_24' title="bbox 151 1572 959 1624; baseline 0 -14"><span class='ocrx_word' id='word_1_203' title='bbox 151 1573 263 1610; x_wconf 86' lang='lat' dir='ltr'>tentionem</span> <span class='ocrx_word' id='word_1_204' title='bbox 282 1579 374 1610; x_wconf 86' lang='lat' dir='ltr'>nostram</span> <span class='ocrx_word' id='word_1_205' title='bbox 394 1572 500 1624; x_wconf 85' lang='lat' dir='ltr'>hueusque</span> <span class='ocrx_word' id='word_1_206' title='bbox 519 1576 595 1620; x_wconf 68' lang='lat' dir='ltr'>latent,</span> <span class='ocrx_word' id='word_1_207' title='bbox 615 1575 661 1612; x_wconf 95' lang='lat' dir='ltr'>dnm</span> <span class='ocrx_word' id='word_1_208' title='bbox 680 1575 724 1624; x_wconf 91' lang='lat' dir='ltr'>ipse</span> <span class='ocrx_word' id='word_1_209' title='bbox 741 1575 854 1622; x_wconf 73' lang='lat' dir='ltr'>Apostolus</span> <span class='ocrx_word' id='word_1_210' title='bbox 873 1573 959 1610; x_wconf 82' lang='lat' dir='ltr'>fatetur:</span> 
     </span>
     <span class='ocr_line' id='line_1_25' title="bbox 152 1632 960 1684; baseline -0.002 -11"><span class='ocrx_word' id='word_1_211' title='bbox 152 1634 219 1673; x_wconf 40' lang='lat' dir='ltr'>‚attiuh</span> <span class='ocrx_word' id='word_1_212' title='bbox 234 1633 280 1669; x_wconf 92' lang='lat' dir='ltr'>mihi</span> <span class='ocrx_word' id='word_1_213' title='bbox 295 1634 391 1671; x_wconf 86' lang='lat' dir='ltr'>eonseins</span> <span class='ocrx_word' id='word_1_214' title='bbox 404 1646 460 1679; x_wconf 88' lang='lat' dir='ltr'>snm,</span> <span class='ocrx_word' id='word_1_215' title='bbox 474 1635 541 1672; x_wconf 87' lang='lat' dir='ltr'>sedin</span> <span class='ocrx_word' id='word_1_216' title='bbox 556 1636 593 1674; x_wconf 86' lang='lat' dir='ltr'>hoe</span> <span class='ocrx_word' id='word_1_217' title='bbox 607 1648 645 1672; x_wconf 93' lang='lat' dir='ltr'>non</span> <span class='ocrx_word' id='word_1_218' title='bbox 654 1635 784 1684; x_wconf 82' lang='lat' dir='ltr'>justificatus</span> <span class='ocrx_word' id='word_1_219' title='bbox 797 1635 855 1673; x_wconf 83' lang='lat' dir='ltr'>sum²&#39;</span> <span class='ocrx_word' id='word_1_220' title='bbox 867 1632 892 1681; x_wconf 77' lang='lat'>⁵).</span> <span class='ocrx_word' id='word_1_221' title='bbox 907 1633 960 1682; x_wconf 80' lang='lat' dir='ltr'>Quot</span> 
     </span>
    </p>
   </div>
   <div class='ocr_carea' id='block_1_3' title="bbox 95 1695 960 1749">
    <p class='ocr_par' dir='ltr' id='par_1_5' title="bbox 95 1695 960 1749">
     <span class='ocr_line' id='line_1_26' title="bbox 95 1695 960 1749; baseline 0 -17"><span class='ocrx_word' id='word_1_222' title='bbox 95 1740 102 1749; x_wconf 31' lang='lat' dir='ltr'>x</span> <span class='ocrx_word' id='word_1_223' title='bbox 152 1696 284 1732; x_wconf 83' lang='lat' dir='ltr'>infirmitates</span> <span class='ocrx_word' id='word_1_224' title='bbox 298 1695 411 1732; x_wconf 74' lang='lat' dir='ltr'>adhucdum</span> <span class='ocrx_word' id='word_1_225' title='bbox 424 1696 443 1733; x_wconf 95' lang='lat' dir='ltr'>in</span> <span class='ocrx_word' id='word_1_226' title='bbox 457 1697 515 1733; x_wconf 88' lang='lat' dir='ltr'>uobis</span> <span class='ocrx_word' id='word_1_227' title='bbox 529 1698 658 1747; x_wconf 84' lang='lat' dir='ltr'>experimur!</span> <span class='ocrx_word' id='word_1_228' title='bbox 678 1696 780 1745; x_wconf 76' lang='lat' dir='ltr'>Quiantnm</span> <span class='ocrx_word' id='word_1_229' title='bbox 793 1709 804 1733; x_wconf 87' lang='lat' dir='ltr'>a</span> <span class='ocrx_word' id='word_1_230' title='bbox 816 1695 918 1746; x_wconf 85' lang='lat' dir='ltr'>requisita</span> <span class='ocrx_word' id='word_1_231' title='bbox 930 1695 960 1732; x_wconf 92' lang='lat' dir='ltr'>in-</span> 
     </span>
    </p>
   </div>
   <div class='ocr_carea' id='block_1_4' title="bbox 109 1756 964 2788">
    <p class='ocr_par' dir='ltr' id='par_1_6' title="bbox 109 1756 964 2788">
     <span class='ocr_line' id='line_1_27' title="bbox 152 1756 960 1807; baseline -0.002 -13"><span class='ocrx_word' id='word_1_232' title='bbox 152 1756 249 1794; x_wconf 85' lang='lat' dir='ltr'>tentionis</span> <span class='ocrx_word' id='word_1_233' title='bbox 262 1756 352 1804; x_wconf 88' lang='lat' dir='ltr'>puritate</span> <span class='ocrx_word' id='word_1_234' title='bbox 366 1756 477 1803; x_wconf 85' lang='lat' dir='ltr'>distamus,</span> <span class='ocrx_word' id='word_1_235' title='bbox 490 1764 510 1794; x_wconf 88' lang='lat' dir='ltr'>et.</span> <span class='ocrx_word' id='word_1_236' title='bbox 522 1765 599 1807; x_wconf 76' lang='lat' dir='ltr'>quianta</span> <span class='ocrx_word' id='word_1_237' title='bbox 611 1765 643 1795; x_wconf 88' lang='lat' dir='ltr'>est</span> <span class='ocrx_word' id='word_1_238' title='bbox 655 1758 795 1796; x_wconf 89' lang='lat' dir='ltr'>inconstantia</span> <span class='ocrx_word' id='word_1_239' title='bbox 807 1764 880 1795; x_wconf 86' lang='lat' dir='ltr'>nostra</span> <span class='ocrx_word' id='word_1_240' title='bbox 892 1757 912 1793; x_wconf 96' lang='lat' dir='ltr'>in</span> <span class='ocrx_word' id='word_1_241' title='bbox 926 1769 960 1793; x_wconf 70' lang='lat' dir='ltr'>tex-</span> 
     </span>
     <span class='ocr_line' id='line_1_28' title="bbox 151 1817 960 1868; baseline 0 -14"><span class='ocrx_word' id='word_1_242' title='bbox 151 1817 262 1867; x_wconf 78' lang='lat' dir='ltr'>sequcndis</span> <span class='ocrx_word' id='word_1_243' title='bbox 276 1817 334 1853; x_wconf 83' lang='lat' dir='ltr'>honis</span> <span class='ocrx_word' id='word_1_244' title='bbox 348 1819 472 1867; x_wconf 82' lang='lat' dir='ltr'>propositis!</span> <span class='ocrx_word' id='word_1_245' title='bbox 491 1819 545 1857; x_wconf 89' lang='lat' dir='ltr'>Hine</span> <span class='ocrx_word' id='word_1_246' title='bbox 559 1820 581 1857; x_wconf 80' lang='lat' dir='ltr'>S.</span> <span class='ocrx_word' id='word_1_247' title='bbox 594 1819 685 1857; x_wconf 75' lang='lat' dir='ltr'>Basilius</span> <span class='ocrx_word' id='word_1_248' title='bbox 705 1819 815 1857; x_wconf 81' lang='lat' dir='ltr'>consilinm</span> <span class='ocrx_word' id='word_1_249' title='bbox 834 1819 920 1868; x_wconf 84' lang='lat' dir='ltr'>praebet</span> <span class='ocrx_word' id='word_1_250' title='bbox 936 1817 960 1855; x_wconf 86' lang='lat' dir='ltr'>ad</span> 
     </span>
     <span class='ocr_line' id='line_1_29' title="bbox 151 1878 960 1930; baseline 0.001 -16"><span class='ocrx_word' id='word_1_251' title='bbox 151 1878 269 1928; x_wconf 77' lang='lat' dir='ltr'>superbiam</span> <span class='ocrx_word' id='word_1_252' title='bbox 284 1878 443 1916; x_wconf 80' lang='lat' dir='ltr'>retundendam¹</span> <span class='ocrx_word' id='word_1_253' title='bbox 464 1880 502 1918; x_wconf 70' lang='lat' dir='ltr'>„si</span> <span class='ocrx_word' id='word_1_254' title='bbox 522 1882 601 1930; x_wconf 84' lang='lat' dir='ltr'>quaudo</span> <span class='ocrx_word' id='word_1_255' title='bbox 617 1887 636 1917; x_wconf 90' lang='lat' dir='ltr'>te</span> <span class='ocrx_word' id='word_1_256' title='bbox 653 1892 754 1930; x_wconf 89' lang='lat' dir='ltr'>praesens</span> <span class='ocrx_word' id='word_1_257' title='bbox 767 1880 898 1918; x_wconf 78' lang='lat' dir='ltr'>benefactum</span> <span class='ocrx_word' id='word_1_258' title='bbox 911 1891 960 1916; x_wconf 91' lang='lat' dir='ltr'>nou·</span> 
     </span>
     <span class='ocr_line' id='line_1_30' title="bbox 153 1939 962 1990; baseline 0.001 -14"><span class='ocrx_word' id='word_1_259' title='bbox 153 1940 200 1976; x_wconf 93' lang='lat' dir='ltr'>nihil</span> <span class='ocrx_word' id='word_1_260' title='bbox 215 1940 290 1976; x_wconf 84' lang='lat' dir='ltr'>clatum</span> <span class='ocrx_word' id='word_1_261' title='bbox 303 1939 377 1985; x_wconf 80' lang='lat' dir='ltr'>reddit,</span> <span class='ocrx_word' id='word_1_262' title='bbox 392 1941 415 1977; x_wconf 90' lang='lat' dir='ltr'>ad</span> <span class='ocrx_word' id='word_1_263' title='bbox 429 1942 549 1978; x_wconf 87' lang='lat' dir='ltr'>memoriam</span> <span class='ocrx_word' id='word_1_264' title='bbox 563 1954 647 1986; x_wconf 81' lang='lat' dir='ltr'>revoca,</span> <span class='ocrx_word' id='word_1_265' title='bbox 660 1942 711 1990; x_wconf 86' lang='lat' dir='ltr'>qnod</span> <span class='ocrx_word' id='word_1_266' title='bbox 721 1941 768 1977; x_wconf 93' lang='lat' dir='ltr'>olim</span> <span class='ocrx_word' id='word_1_267' title='bbox 782 1941 829 1978; x_wconf 91' lang='lat' dir='ltr'>mali</span> <span class='ocrx_word' id='word_1_268' title='bbox 842 1939 928 1985; x_wconf 82' lang='lat' dir='ltr'>feceris,</span> <span class='ocrx_word' id='word_1_269' title='bbox 941 1946 962 1977; x_wconf 86' lang='lat' dir='ltr'>et</span> 
     </span>
     <span class='ocr_line' id='line_1_31' title="bbox 153 1999 961 2052; baseline -0.001 -13"><span class='ocrx_word' id='word_1_270' title='bbox 153 2001 245 2039; x_wconf 66' lang='lat' dir='ltr'>curssabit</span> <span class='ocrx_word' id='word_1_271' title='bbox 257 2001 328 2037; x_wconf 86' lang='lat' dir='ltr'>inflata</span> <span class='ocrx_word' id='word_1_272' title='bbox 342 2000 417 2037; x_wconf 76' lang='lat' dir='ltr'>elatio&#39;⁷</span> <span class='ocrx_word' id='word_1_273' title='bbox 428 1999 454 2049; x_wconf 75' lang='lat'>⁶).</span> <span class='ocrx_word' id='word_1_274' title='bbox 468 2003 606 2047; x_wconf 80' lang='lat' dir='ltr'>Recordetur,</span> <span class='ocrx_word' id='word_1_275' title='bbox 620 2003 671 2052; x_wconf 72' lang='lat' dir='ltr'>(prod</span> <span class='ocrx_word' id='word_1_276' title='bbox 684 2001 751 2039; x_wconf 82' lang='lat' dir='ltr'>onmia</span> <span class='ocrx_word' id='word_1_277' title='bbox 763 2003 823 2047; x_wconf 88' lang='lat' dir='ltr'>bona,</span> <span class='ocrx_word' id='word_1_278' title='bbox 837 2014 888 2052; x_wconf 85' lang='lat' dir='ltr'>quae</span> <span class='ocrx_word' id='word_1_279' title='bbox 902 2001 961 2038; x_wconf 91' lang='lat' dir='ltr'>nobis</span> 
     </span>
     <span class='ocr_line' id='line_1_32' title="bbox 152 2062 961 2114; baseline 0 -14"><span class='ocrx_word' id='word_1_280' title='bbox 152 2063 196 2100; x_wconf 82' lang='lat' dir='ltr'>sinc</span> <span class='ocrx_word' id='word_1_281' title='bbox 210 2075 245 2111; x_wconf 89' lang='lat' dir='ltr'>per</span> <span class='ocrx_word' id='word_1_282' title='bbox 259 2062 399 2106; x_wconf 73' lang='lat' dir='ltr'>nativitatem,</span> <span class='ocrx_word' id='word_1_283' title='bbox 416 2063 460 2099; x_wconf 81' lang='lat' dir='ltr'>sive</span> <span class='ocrx_word' id='word_1_284' title='bbox 475 2076 512 2112; x_wconf 87' lang='lat' dir='ltr'>per</span> <span class='ocrx_word' id='word_1_285' title='bbox 525 2063 674 2109; x_wconf 84' lang='lat' dir='ltr'>educationem,</span> <span class='ocrx_word' id='word_1_286' title='bbox 687 2064 731 2101; x_wconf 86' lang='lat' dir='ltr'>sire</span> <span class='ocrx_word' id='word_1_287' title='bbox 744 2076 780 2113; x_wconf 92' lang='lat' dir='ltr'>per</span> <span class='ocrx_word' id='word_1_288' title='bbox 793 2075 916 2114; x_wconf 91' lang='lat' dir='ltr'>prosperum</span> <span class='ocrx_word' id='word_1_289' title='bbox 928 2075 961 2100; x_wconf 94' lang='lat' dir='ltr'>re-</span> 
     </span>
     <span class='ocr_line' id='line_1_33' title="bbox 109 2124 962 2175; baseline 0 -14"><span class='ocrx_word' id='word_1_290' title='bbox 109 2140 112 2147; x_wconf 79' lang='grc'>’</span> <span class='ocrx_word' id='word_1_291' title='bbox 153 2138 197 2162; x_wconf 86' lang='lat' dir='ltr'>rum</span> <span class='ocrx_word' id='word_1_292' title='bbox 211 2130 329 2161; x_wconf 87' lang='lat' dir='ltr'>nostrarum</span> <span class='ocrx_word' id='word_1_293' title='bbox 344 2136 427 2160; x_wconf 85' lang='lat' dir='ltr'>eorsum</span> <span class='ocrx_word' id='word_1_294' title='bbox 441 2124 572 2175; x_wconf 69' lang='lat' dir='ltr'>einiger-unt,</span> <span class='ocrx_word' id='word_1_295' title='bbox 589 2125 642 2163; x_wconf 87' lang='lat' dir='ltr'>alind</span> <span class='ocrx_word' id='word_1_296' title='bbox 655 2138 694 2162; x_wconf 94' lang='lat' dir='ltr'>non</span> <span class='ocrx_word' id='word_1_297' title='bbox 707 2126 755 2170; x_wconf 86' lang='lat' dir='ltr'>sint,</span> <span class='ocrx_word' id='word_1_298' title='bbox 768 2125 808 2162; x_wconf 89' lang='lat' dir='ltr'>nisi</span> <span class='ocrx_word' id='word_1_299' title='bbox 821 2126 873 2163; x_wconf 85' lang='lat' dir='ltr'>dona</span> <span class='ocrx_word' id='word_1_300' title='bbox 884 2125 934 2169; x_wconf 87' lang='lat' dir='ltr'>Dei,</span> <span class='ocrx_word' id='word_1_301' title='bbox 951 2137 962 2162; x_wconf 90' lang='lat' dir='ltr'>a</span> 
     </span>
     <span class='ocr_line' id='line_1_34' title="bbox 153 2184 962 2236; baseline 0.001 -14"><span class='ocrx_word' id='word_1_302' title='bbox 153 2198 202 2236; x_wconf 73' lang='lat' dir='ltr'>qut),</span> <span class='ocrx_word' id='word_1_303' title='bbox 216 2185 281 2221; x_wconf 87' lang='lat' dir='ltr'>omnis</span> <span class='ocrx_word' id='word_1_304' title='bbox 295 2184 393 2221; x_wconf 78' lang='lat' dir='ltr'>lronitatis</span> <span class='ocrx_word' id='word_1_305' title='bbox 407 2184 472 2231; x_wconf 76' lang='lat' dir='ltr'>fonte,</span> <span class='ocrx_word' id='word_1_306' title='bbox 486 2193 561 2224; x_wconf 84' lang='lat' dir='ltr'>cuneta</span> <span class='ocrx_word' id='word_1_307' title='bbox 573 2187 698 2231; x_wconf 83' lang='lat' dir='ltr'>decurrunt,</span> <span class='ocrx_word' id='word_1_308' title='bbox 715 2192 735 2223; x_wconf 89' lang='lat' dir='ltr'>et</span> <span class='ocrx_word' id='word_1_309' title='bbox 747 2198 772 2223; x_wconf 81' lang='lat' dir='ltr'>ex</span> <span class='ocrx_word' id='word_1_310' title='bbox 785 2186 844 2235; x_wconf 88' lang='lat' dir='ltr'>eujus</span> <span class='ocrx_word' id='word_1_311' title='bbox 856 2187 962 2223; x_wconf 83' lang='lat' dir='ltr'>voluntate</span> 
     </span>
     <span class='ocr_line' id='line_1_35' title="bbox 153 2246 962 2298; baseline 0.001 -15"><span class='ocrx_word' id='word_1_312' title='bbox 153 2247 220 2284; x_wconf 82' lang='lat' dir='ltr'>onmia</span> <span class='ocrx_word' id='word_1_313' title='bbox 229 2259 264 2295; x_wconf 87' lang='lat' dir='ltr'>per</span> <span class='ocrx_word' id='word_1_314' title='bbox 272 2246 356 2297; x_wconf 76' lang='lat' dir='ltr'>singula</span> <span class='ocrx_word' id='word_1_315' title='bbox 365 2253 467 2285; x_wconf 91' lang='lat' dir='ltr'>momenta</span> <span class='ocrx_word' id='word_1_316' title='bbox 475 2248 571 2296; x_wconf 80' lang='lat' dir='ltr'>pendent:</span> <span class='ocrx_word' id='word_1_317' title='bbox 579 2248 631 2298; x_wconf 79' lang='lat' dir='ltr'>qrrod</span> <span class='ocrx_word' id='word_1_318' title='bbox 639 2249 692 2285; x_wconf 89' lang='lat' dir='ltr'>bona</span> <span class='ocrx_word' id='word_1_319' title='bbox 701 2259 764 2297; x_wconf 89' lang='lat' dir='ltr'>opera</span> <span class='ocrx_word' id='word_1_320' title='bbox 772 2254 792 2284; x_wconf 90' lang='lat' dir='ltr'>et</span> <span class='ocrx_word' id='word_1_321' title='bbox 800 2248 874 2284; x_wconf 88' lang='lat' dir='ltr'>nrerita</span> <span class='ocrx_word' id='word_1_322' title='bbox 882 2253 962 2292; x_wconf 86' lang='lat' dir='ltr'>nostra,</span> 
     </span>
     <span class='ocr_line' id='line_1_36' title="bbox 153 2308 963 2358; baseline 0.001 -13"><span class='ocrx_word' id='word_1_323' title='bbox 153 2320 238 2357; x_wconf 74' lang='lat' dir='ltr'>quorum</span> <span class='ocrx_word' id='word_1_324' title='bbox 248 2308 328 2356; x_wconf 70' lang='lat' dir='ltr'>quidem</span> <span class='ocrx_word' id='word_1_325' title='bbox 338 2314 436 2345; x_wconf 63' lang='lat' dir='ltr'>terretores</span> <span class='ocrx_word' id='word_1_326' title='bbox 444 2321 524 2354; x_wconf 56' lang='lat' dir='ltr'>suntne</span> <span class='ocrx_word' id='word_1_327' title='bbox 532 2310 613 2346; x_wconf 88' lang='lat' dir='ltr'>nonnisi</span> <span class='ocrx_word' id='word_1_328' title='bbox 620 2316 688 2346; x_wconf 89' lang='lat' dir='ltr'>tamen</span> <span class='ocrx_word' id='word_1_329' title='bbox 701 2322 726 2346; x_wconf 84' lang='lat' dir='ltr'>ex</span> <span class='ocrx_word' id='word_1_330' title='bbox 739 2308 884 2346; x_wconf 81' lang='lat' dir='ltr'>sanctificante</span> <span class='ocrx_word' id='word_1_331' title='bbox 893 2308 963 2358; x_wconf 80' lang='lat' dir='ltr'>gratia</span> 
     </span>
     <span class='ocr_line' id='line_1_37' title="bbox 153 2369 962 2421; baseline 0.001 -16"><span class='ocrx_word' id='word_1_332' title='bbox 153 2369 286 2413; x_wconf 64' lang='lat' dir='ltr'>«asceudant,</span> <span class='ocrx_word' id='word_1_333' title='bbox 299 2375 316 2405; x_wconf 89' lang='lat' dir='ltr'>et</span> <span class='ocrx_word' id='word_1_334' title='bbox 332 2370 383 2419; x_wconf 76' lang='lat' dir='ltr'>quod</span> <span class='ocrx_word' id='word_1_335' title='bbox 396 2371 492 2407; x_wconf 76' lang='lat' dir='ltr'>uoluntas</span> <span class='ocrx_word' id='word_1_336' title='bbox 505 2377 577 2409; x_wconf 91' lang='lat' dir='ltr'>nostra</span> <span class='ocrx_word' id='word_1_337' title='bbox 590 2372 613 2409; x_wconf 89' lang='lat' dir='ltr'>de</span> <span class='ocrx_word' id='word_1_338' title='bbox 627 2377 710 2419; x_wconf 88' lang='lat' dir='ltr'>torpore</span> <span class='ocrx_word' id='word_1_339' title='bbox 723 2381 760 2406; x_wconf 90' lang='lat' dir='ltr'>suo</span> <span class='ocrx_word' id='word_1_340' title='bbox 773 2382 875 2419; x_wconf 85' lang='lat' dir='ltr'>nunqnam</span> <span class='ocrx_word' id='word_1_341' title='bbox 887 2370 962 2421; x_wconf 73' lang='lat' dir='ltr'>solnta,</span> 
     </span>
     <span class='ocr_line' id='line_1_38' title="bbox 155 2430 963 2482; baseline 0.001 -15"><span class='ocrx_word' id='word_1_342' title='bbox 155 2438 173 2467; x_wconf 88' lang='lat' dir='ltr'>et</span> <span class='ocrx_word' id='word_1_343' title='bbox 187 2438 218 2468; x_wconf 82' lang='lat' dir='ltr'>sat</span> <span class='ocrx_word' id='word_1_344' title='bbox 232 2431 317 2467; x_wconf 71' lang='lat' dir='ltr'>inlausta</span> <span class='ocrx_word' id='word_1_345' title='bbox 331 2430 405 2467; x_wconf 84' lang='lat' dir='ltr'>fuisset</span> <span class='ocrx_word' id='word_1_346' title='bbox 418 2432 494 2481; x_wconf 85' lang='lat' dir='ltr'>absque</span> <span class='ocrx_word' id='word_1_347' title='bbox 508 2433 578 2482; x_wconf 75' lang='lat' dir='ltr'>gratia</span> <span class='ocrx_word' id='word_1_348' title='bbox 590 2444 691 2480; x_wconf 76' lang='lat' dir='ltr'>superna,</span> <span class='ocrx_word' id='word_1_349' title='bbox 704 2443 755 2481; x_wconf 81' lang='lat' dir='ltr'>qtrae</span> <span class='ocrx_word' id='word_1_350' title='bbox 769 2438 857 2469; x_wconf 82' lang='lat' dir='ltr'>ruentem</span> <span class='ocrx_word' id='word_1_351' title='bbox 870 2437 963 2468; x_wconf 85' lang='lat' dir='ltr'>nostram</span> 
     </span>
     <span class='ocr_line' id='line_1_39' title="bbox 156 2492 963 2541; baseline 0.005 -15"><span class='ocrx_word' id='word_1_352' title='bbox 156 2493 272 2539; x_wconf 75' lang='lat' dir='ltr'>praeuenit,</span> <span class='ocrx_word' id='word_1_353' title='bbox 293 2492 409 2540; x_wconf 57' lang='lat' dir='ltr'>paceuetrarit</span> <span class='ocrx_word' id='word_1_354' title='bbox 422 2499 442 2529; x_wconf 86' lang='lat' dir='ltr'>et</span> <span class='ocrx_word' id='word_1_355' title='bbox 453 2493 552 2530; x_wconf 85' lang='lat' dir='ltr'>inrietam</span> <span class='ocrx_word' id='word_1_356' title='bbox 566 2493 621 2530; x_wconf 75' lang='lat' dir='ltr'>feeit,</span> <span class='ocrx_word' id='word_1_357' title='bbox 644 2492 703 2530; x_wconf 86' lang='lat' dir='ltr'>Hace</span> <span class='ocrx_word' id='word_1_358' title='bbox 714 2494 828 2541; x_wconf 76' lang='lat' dir='ltr'>Apostolus</span> <span class='ocrx_word' id='word_1_359' title='bbox 842 2492 963 2530; x_wconf 82' lang='lat' dir='ltr'>considera-</span> 
     </span>
     <span class='ocr_line' id='line_1_40' title="bbox 156 2552 962 2604; baseline 0.005 -16"><span class='ocrx_word' id='word_1_360' title='bbox 156 2553 200 2595; x_wconf 76' lang='lat' dir='ltr'>bat,</span> <span class='ocrx_word' id='word_1_361' title='bbox 214 2566 257 2589; x_wconf 86' lang='lat' dir='ltr'>eum</span> <span class='ocrx_word' id='word_1_362' title='bbox 271 2553 361 2590; x_wconf 77' lang='lat' dir='ltr'>dieerct:</span> <span class='ocrx_word' id='word_1_363' title='bbox 376 2552 441 2600; x_wconf 51' lang='lat' dir='ltr'>‚eQuid</span> <span class='ocrx_word' id='word_1_364' title='bbox 454 2554 528 2597; x_wconf 70' lang='lat' dir='ltr'>babes,</span> <span class='ocrx_word' id='word_1_365' title='bbox 542 2555 594 2603; x_wconf 81' lang='lat' dir='ltr'>qrrod</span> <span class='ocrx_word' id='word_1_366' title='bbox 607 2566 645 2590; x_wconf 93' lang='lat' dir='ltr'>non</span> <span class='ocrx_word' id='word_1_367' title='bbox 658 2554 771 2604; x_wconf 70' lang='lat' dir='ltr'>arceopish,</span> <span class='ocrx_word' id='word_1_368' title='bbox 791 2554 810 2590; x_wconf 85' lang='lat' dir='ltr'>si</span> <span class='ocrx_word' id='word_1_369' title='bbox 822 2559 890 2591; x_wconf 89' lang='lat' dir='ltr'>antem</span> <span class='ocrx_word' id='word_1_370' title='bbox 903 2566 962 2592; x_wconf 82' lang='lat' dir='ltr'>acee-</span> 
     </span>
     <span class='ocr_line' id='line_1_41' title="bbox 156 2606 963 2665; baseline 0.004 -16"><span class='ocrx_word' id='word_1_371' title='bbox 156 2613 215 2662; x_wconf 75' lang='lat' dir='ltr'>pisti,</span> <span class='ocrx_word' id='word_1_372' title='bbox 235 2614 280 2660; x_wconf 76' lang='lat' dir='ltr'>quid</span> <span class='ocrx_word' id='word_1_373' title='bbox 293 2614 404 2664; x_wconf 72' lang='lat' dir='ltr'>gloriaris,</span> <span class='ocrx_word' id='word_1_374' title='bbox 425 2615 483 2663; x_wconf 80' lang='lat' dir='ltr'>quasi</span> <span class='ocrx_word' id='word_1_375' title='bbox 496 2627 534 2651; x_wconf 92' lang='lat' dir='ltr'>non</span> <span class='ocrx_word' id='word_1_376' title='bbox 548 2615 706 2665; x_wconf 78' lang='lat' dir='ltr'>aeceper·is³⁷⁷].</span> <span class='ocrx_word' id='word_1_377' title='bbox 725 2615 780 2651; x_wconf 78' lang='lat' dir='ltr'>Care</span> <span class='ocrx_word' id='word_1_378' title='bbox 793 2606 871 2665; x_wconf 51' lang='lat' dir='ltr'>igitur,¹</span> <span class='ocrx_word' id='word_1_379' title='bbox 886 2627 963 2665; x_wconf 88' lang='lat' dir='ltr'>pauper</span> 
     </span>
     <span class='ocr_line' id='line_1_42' title="bbox 156 2675 964 2726; baseline 0.004 -15"><span class='ocrx_word' id='word_1_380' title='bbox 156 2675 256 2723; x_wconf 67' lang='lat' dir='ltr'>superbe¹</span> <span class='ocrx_word' id='word_1_381' title='bbox 275 2687 298 2710; x_wconf 83' lang='lat' dir='ltr'>ne</span> <span class='ocrx_word' id='word_1_382' title='bbox 313 2677 369 2713; x_wconf 71' lang='lat' dir='ltr'>[leus</span> <span class='ocrx_word' id='word_1_383' title='bbox 382 2682 401 2712; x_wconf 87' lang='lat' dir='ltr'>te</span> <span class='ocrx_word' id='word_1_384' title='bbox 415 2682 501 2726; x_wconf 55' lang='lat' dir='ltr'>argrrat,</span> <span class='ocrx_word' id='word_1_385' title='bbox 521 2677 575 2714; x_wconf 86' lang='lat' dir='ltr'>sicut</span> <span class='ocrx_word' id='word_1_386' title='bbox 587 2677 644 2714; x_wconf 92' lang='lat' dir='ltr'>illum</span> <span class='ocrx_word' id='word_1_387' title='bbox 657 2677 778 2725; x_wconf 88' lang='lat' dir='ltr'>superbum:</span> <span class='ocrx_word' id='word_1_388' title='bbox 799 2676 898 2721; x_wconf 56' lang='lat' dir='ltr'>vilescis,</span> <span class='ocrx_word' id='word_1_389' title='bbox 917 2676 964 2726; x_wconf 85' lang='lat' dir='ltr'>qnia</span> 
     </span>
     <span class='ocr_line' id='line_1_43' title="bbox 156 2734 963 2788; baseline 0.002 -15"><span class='ocrx_word' id='word_1_390' title='bbox 156 2743 176 2773; x_wconf 95' lang='lat' dir='ltr'>tn</span> <span class='ocrx_word' id='word_1_391' title='bbox 196 2749 218 2772; x_wconf 82' lang='lat' dir='ltr'>cs</span> <span class='ocrx_word' id='word_1_392' title='bbox 239 2735 311 2780; x_wconf 74' lang='lat' dir='ltr'>irrisor,</span> <span class='ocrx_word' id='word_1_393' title='bbox 325 2744 344 2774; x_wconf 85' lang='lat' dir='ltr'>et</span> <span class='ocrx_word' id='word_1_394' title='bbox 364 2736 503 2786; x_wconf 69' lang='lat' dir='ltr'>miserabilis,</span> <span class='ocrx_word' id='word_1_395' title='bbox 524 2745 647 2788; x_wconf 82' lang='lat' dir='ltr'>etpanper,</span> <span class='ocrx_word' id='word_1_396' title='bbox 660 2745 680 2775; x_wconf 91' lang='lat' dir='ltr'>et</span> <span class='ocrx_word' id='word_1_397' title='bbox 693 2749 779 2781; x_wconf 56' lang='lat' dir='ltr'>caecum</span> <span class='ocrx_word' id='word_1_398' title='bbox 799 2744 818 2775; x_wconf 89' lang='lat' dir='ltr'>et</span> <span class='ocrx_word' id='word_1_399' title='bbox 837 2734 963 2785; x_wconf 77' lang='lat' dir='ltr'>nndns’&#39;⁸]?</span> 
     </span>
    </p>
   </div>
   <div class='ocr_carea' id='block_1_5' title="bbox 180 2859 964 2963">
    <p class='ocr_par' dir='ltr' id='par_1_7' title="bbox 180 2859 964 2963">
     <span class='ocr_line' id='line_1_44' title="bbox 180 2859 964 2912; baseline 0.001 -11"><span class='ocrx_word' id='word_1_400' title='bbox 180 2875 194 2906; x_wconf 74' lang='lat'>¹)</span> <span class='ocrx_word' id='word_1_401' title='bbox 206 2869 237 2901; x_wconf 81' lang='lat' dir='ltr'>nt.</span> <span class='ocrx_word' id='word_1_402' title='bbox 248 2869 296 2909; x_wconf 61' lang='lat' dir='ltr'>Rea.</span> <span class='ocrx_word' id='word_1_403' title='bbox 306 2869 356 2900; x_wconf 75' lang='lat' dir='ltr'>XXt.</span> <span class='ocrx_word' id='word_1_404' title='bbox 365 2871 395 2901; x_wconf 77' lang='grc'>29.</span> <span class='ocrx_word' id='word_1_405' title='bbox 406 2890 427 2893; x_wconf 27' lang='grc' dir='ltr'>-ῆ</span> <span class='ocrx_word' id='word_1_406' title='bbox 438 2873 453 2907; x_wconf 71' lang='lat'>2]</span> <span class='ocrx_word' id='word_1_407' title='bbox 464 2872 509 2903; x_wconf 73' lang='lat' dir='ltr'>Lite.</span> <span class='ocrx_word' id='word_1_408' title='bbox 521 2871 588 2904; x_wconf 77' lang='lat' dir='ltr'>xvnl.</span> <span class='ocrx_word' id='word_1_409' title='bbox 601 2871 628 2903; x_wconf 76' lang='lat' dir='ltr'>lh.</span> <span class='ocrx_word' id='word_1_410' title='bbox 638 2889 661 2893; x_wconf 92' lang='lat'>—</span> <span class='ocrx_word' id='word_1_411' title='bbox 671 2873 687 2909; x_wconf 76' lang='lat'>³)</span> <span class='ocrx_word' id='word_1_412' title='bbox 698 2871 740 2901; x_wconf 81' lang='lat' dir='ltr'>lae.</span> <span class='ocrx_word' id='word_1_413' title='bbox 751 2870 783 2902; x_wconf 92' lang='lat' dir='ltr'>ltl.</span> <span class='ocrx_word' id='word_1_414' title='bbox 794 2873 811 2902; x_wconf 70' lang='lat'>2.</span> <span class='ocrx_word' id='word_1_415' title='bbox 819 2859 916 2912; x_wconf 53' lang='lat' dir='ltr'>—ftl&#39;Joh</span> <span class='ocrx_word' id='word_1_416' title='bbox 926 2871 940 2903; x_wconf 92' lang='lat'>1.</span> <span class='ocrx_word' id='word_1_417' title='bbox 946 2871 964 2902; x_wconf 84' lang='lat'>8.</span> 
     </span>
     <span class='ocr_line' id='line_1_45' title="bbox 204 2917 963 2963; baseline 0.003 -14"><span class='ocrx_word' id='word_1_418' title='bbox 204 2918 239 2955; x_wconf 62' lang='lat' dir='ltr'>fol.</span> <span class='ocrx_word' id='word_1_419' title='bbox 246 2917 330 2950; x_wconf 69' lang='lat' dir='ltr'>Corlh‘.</span> <span class='ocrx_word' id='word_1_420' title='bbox 338 2918 465 2958; x_wconf 65' lang='lat' dir='ltr'>h-leonu</span> <span class='ocrx_word' id='word_1_421' title='bbox 474 2920 573 2952; x_wconf 81' lang='lat' dir='ltr'>deHnmil.</span> <span class='ocrx_word' id='word_1_422' title='bbox 584 2939 608 2944; x_wconf 78' lang='grc'>-</span> <span class='ocrx_word' id='word_1_423' title='bbox 616 2918 764 2959; x_wconf 57' lang='lat' dir='ltr'>decurtet.</span> <span class='ocrx_word' id='word_1_424' title='bbox 773 2938 797 2942; x_wconf 92' lang='lat'>—</span> <span class='ocrx_word' id='word_1_425' title='bbox 806 2924 822 2959; x_wconf 72' lang='lat'>⁶⁵)</span> <span class='ocrx_word' id='word_1_426' title='bbox 829 2921 889 2963; x_wconf 81' lang='lat' dir='ltr'>Apoe.</span> <span class='ocrx_word' id='word_1_427' title='bbox 896 2920 963 2955; x_wconf 74' lang='lat' dir='ltr'>tttt’t.</span> 
     </span>
    </p>
   </div>
   <div class='ocr_carea' id='block_1_6' title="bbox 0 0 1042 3193">
    <p class='ocr_par' dir='ltr' id='par_1_8' title="bbox 0 0 1042 3193">
     <span class='ocr_line' id='line_1_46' title="bbox 0 0 1042 3193; baseline 0 0"><span class='ocrx_word' id='word_1_428' title='bbox 0 0 1042 3193; x_wconf 95' lang='lat' dir='ltr'> </span> 
     </span>
    </p>
   </div>
  </div>
 </body>
</html>
