2017 3193
911 102 939 144 63

134 224 191 260 vitiis
209 222 304 270 inprimis
323 221 477 269 grassantibus,
490 224 511 253 et
528 217 549 253 in
561 230 651 266 genere,
671 215 778 267 cogitandi
796 215 940 262 sentiendique

134 282 193 319 mori.
211 280 267 318 Hine
279 279 374 316 Clemens
386 278 442 316 VIII.
454 278 474 314 in
488 275 639 312 Constitutione
651 287 702 313 anno
712 270 778 314 1601.
792 272 847 311 edita
858 273 940 322 sapien-

135 350 168 385 ter
180 341 258 384 docuit:
273 341 313 384 „dt
324 353 350 381 ue
361 340 453 382 locorum
467 335 580 384 Ordinarii,
593 335 666 389 quibus
673 335 709 388 jus
716 335 755 379 hoc
763 334 941 378 reservandorum

136 421 207 448 casum
220 407 325 458 competit,
337 407 439 458 plurium,
459 415 519 456 quam
531 413 582 451 opus
595 401 629 446 sit,
641 403 832 448 reservationibus,
851 400 941 439 subditis

137 477 171 508 aut
183 469 320 515 confessariis
332 469 353 505 in
366 469 481 506 animarum
493 465 561 501 salute
572 462 706 512 procuranda
718 464 886 511 cooperantibus
898 462 941 499 sint

76 550 78 553 -
137 531 228 573 onerosi,
240 535 349 566 monentur
362 539 440 569 omnes,
459 532 482 561 ut
492 535 578 571 paucos,
591 534 668 569 eosque
680 527 767 564 tantum,
785 531 835 569 quos
848 523 872 559 ad
885 522 941 559 clu-i-

140 589 228 626 stianam
241 588 369 638 disciplinam
380 583 518 626 retinendam,
531 582 685 630 animarumque
698 579 738 616 sibi
749 579 873 617 creditarum
885 581 941 618 salu·
957 625 959 628 ,

140 657 181 692 tem
192 664 229 705 pro
242 649 333 703 cujusvis
344 644 456 689 Dioecesis
468 645 530 685 strato
542 640 681 698 etqualitate
698 640 819 682 necessario
831 655 941 683 reservan-

140 717 176 755 dos
185 729 232 755 esse
240 714 389 766 judicaverint,
401 708 532 748 reservent.”
540 708 635 753 Accedit,
648 707 800 758 quodhomines
808 719 845 756 pro
854 706 942 745 diversis

139 779 269 828 temporibus
289 776 352 814 etiam
375 773 433 810 vitiis
451 772 541 809 diversis
558 770 666 807 inclinent.
690 768 821 818 Quapropter
837 768 944 816 bonejam

140 839 219 875 nionuit
231 839 253 875 S.
267 836 365 877 Carolus,
378 833 424 869 aevi
435 832 468 867 sui
480 831 543 868 decus
556 829 752 877 splendidissimum,
765 828 832 875 „quod
843 839 881 875 pro
893 834 944 863 tem-

140 909 213 947 porum
236 894 340 932 varietate
363 902 449 928 casuum
470 888 637 926 reservationem
659 886 683 924 ab
705 886 808 936 Episcopo
833 885 945 935 ,aliquando

140 957 217 1001 mutari
229 953 336 1009 expediat’'
345 949 371 1004 ¹).
391 951 475 993 Pariter
487 952 510 1004 γ)
522 950 612 992 facultas
625 963 636 990 a
647 948 764 990 reservatis
776 947 896 989 absolvendi
906 961 946 988 nec

141 1025 235 1063 omnibus
244 1033 282 1060 nec
294 1018 420 1069 promiscue,
433 1016 469 1055 sed
477 1015 564 1054 delectis
572 1021 651 1053 tantum
660 1014 785 1054 concedatur
794 1013 945 1058 sacerdotibus,

141 1097 228 1137 quorum
244 1081 367 1132 prudentiae
386 1086 407 1116 et
426 1078 566 1127 experientiae
586 1077 690 1115 confidere
705 1076 764 1120 licct,
784 1074 946 1125 quandoquidem

142 1147 182 1183 alia
192 1144 244 1180 vitia
255 1141 369 1182 difficilius,
382 1139 466 1176 facilius
479 1139 519 1174 alia
531 1143 643 1179 curantur,
659 1137 709 1173 adeo
721 1142 745 1171 ut
762 1136 823 1171 etiam
834 1135 867 1170 his
878 1134 946 1170 illisve

142 1201 277 1255 gravioribus
289 1198 383 1249 peccatis
391 1196 504 1247 peritiores
516 1194 716 1245 mediciremedium
725 1193 840 1231 adhibeant.
852 1193 947 1242 Denique

142 1263 166 1316 d]
178 1260 290 1305 intentioni
307 1258 417 1302 Ecclesiae
435 1272 508 1313 parum
526 1257 638 1299 convenire
655 1256 751 1305 videtur,
770 1255 822 1310 quod
838 1256 917 1309 passim
936 1268 948 1294 a

142 1330 202 1368 laicis
213 1329 352 1380 ignorentur,
371 1325 471 1375 aquibus
490 1325 567 1374 absque
580 1322 640 1361 dubio
658 1323 718 1360 multi
730 1322 912 1363 absterrerentur,
930 1319 948 1355 si

141 1402 219 1439 poenas
232 1389 272 1426 sibi
282 1388 373 1425 intentas
386 1385 453 1424 edocti
465 1390 625 1435 cognoscerent.

329 1512 474 1569 dentitiones
488 1528 583 1569 casuum
596 1514 769 1567 resalvatorum.

217 1640 235 1694 ξ.
253 1637 289 1680 46.
307 1642 335 1680 Ut
356 1649 467 1692 peccatum
489 1641 630 1680 reservationi
648 1642 764 1690 subjaceat,
784 1647 853 1679 certas
871 1640 948 1678 habere

144 1704 205 1740 debet
217 1702 352 1740 conditiones.
369 1704 511 1740 Numerantur
524 1709 592 1739 autem
604 1708 725 1750 sequentes:

219 1758 244 1807 i]
257 1760 293 1798 Sit
303 1768 413 1810 peccatum
423 1773 490 1810 praue
508 1773 545 1798 seu
563 1760 664 1797 mortale.
682 1761 729 1797 Etsi
744 1760 809 1805 enim,
825 1766 847 1797 ut
865 1760 949 1809 Sylvius

144 1823 243 1877 loquitur,
257 1823 350 1875 cujusvis
363 1823 448 1877 generis
460 1828 547 1876 peccata
558 1821 666 1863 reservari
677 1822 771 1875 possint,
790 1822 808 1862 si
819 1822 885 1863 solum
903 1835 949 1876 spe·

146 1894 213 1927 otetur
224 1893 326 1937 potestas,
338 1888 386 1938 qnia
398 1888 423 1926 ad
435 1889 609 1927 sacramentalem
621 1887 771 1925 ahsolutionem
783 1888 906 1925 necessaria
918 1893 950 1925 est

143 1948 271 1997 jurisdictio
284 1961 335 1998 quae
349 1962 395 1986 cum
408 1961 419 1986 a
431 1949 581 1998 Superioribus
594 1948 713 1993 descendat,
732 1949 756 1985 ab
769 1948 800 1985 eis
814 1948 901 1986 limitari
914 1961 949 1997 po·

146 2015 194 2051 test,
205 2008 303 2045 Ecclesia
314 2015 383 2045 tamen
395 2021 433 2046 nec
451 2010 515 2045 ullum
530 2014 630 2045 reservat
640 2009 735 2051 veniale,
754 2014 797 2044 tum
816 2009 863 2055 quia
879 2021 950 2044 reser-

146 2067 200 2104 vatio
212 2066 263 2104 haec
275 2068 376 2117 plurimos
389 2067 413 2105 ab
425 2067 471 2106 utili
481 2067 594 2106 venialium
601 2067 734 2106 confessione
746 2072 837 2114 arceret,
849 2074 892 2105 tum
904 2068 952 2119 quia

146 2129 217 2170 eadem
229 2131 346 2170 reservatio
357 2130 436 2170 inutilis
448 2131 511 2178 foret,
524 2144 570 2171 eum
581 2130 677 2178 venialia,
690 2131 731 2171 alia
743 2144 803 2183 quam
811 2131 950 2171 confessionis

146 2194 180 2232 via
192 2193 267 2232 dimitti
278 2194 365 2243 possint.
377 2194 400 2231 Id
411 2194 490 2233 indicat
502 2194 617 2233 Concilium
629 2194 784 2239 Tridentinum,
797 2207 843 2232 cum
854 2207 951 2233 reserva-

147 2254 209 2297 tioni,
227 2260 289 2302 prout
307 2254 420 2303 antiquitus
439 2255 574 2298 factumest,
593 2258 708 2292 (atrociora
726 2260 807 2291 tantum
819 2261 840 2290 et
851 2255 952 2305 graviora

147 2314 235 2350 crimina
252 2313 381 2360 subjacuisse
400 2314 470 2350 docet:
490 2325 611 2362 quamquam
630 2314 700 2350 Canon
712 2315 756 2358 XI,
768 2314 816 2357 ubi,
836 2325 886 2363 quae
904 2314 952 2350 fidei

147 2381 208 2420 sunt,
227 2373 344 2413 distinctius
357 2373 506 2428 assignantur,
525 2372 619 2414 decernit
637 2373 746 2414 anatliema
762 2373 802 2423 iis,
821 2375 855 2428 qui
866 2381 952 2430 negant,

146 2439 262 2490 Episcopos
274 2438 351 2477 habere
360 2439 396 2488 jus
408 2438 448 2477 sibi
460 2438 585 2477 reservandi
597 2450 667 2485 casus,
678 2439 735 2477 nulla
747 2439 804 2477 facta
816 2443 953 2478 retractarem

148 2501 257 2538 mentione.
276 2500 413 2538 Nihilominus
425 2501 555 2551 generaliter
567 2506 676 2549 receptum
688 2507 727 2545 est,
739 2511 801 2549 posse
821 2502 930 2538 reservari
941 2514 953 2538 a

149 2561 297 2608 Superioribus
309 2567 397 2608 peecata
409 2561 542 2609 simpliciter3
555 2560 591 2597 sed
603 2573 653 2597 vere
664 2560 766 2597 mortalia.
779 2582 809 2588 -
821 2561 858 2598 Sic
871 2561 953 2598 etiamsi

147 2620 237 2667 penitius
249 2625 376 2670 spectentur,
389 2631 441 2669 quae
453 2620 562 2658 reservari
574 2626 741 2665 consueverunt,
759 2619 821 2658 facile
838 2621 953 2672 apparebit,

149 2692 174 2720 ea
185 2683 262 2732 onmia,
281 2683 377 2724 siminus
389 2683 410 2722 in
422 2697 452 2732 se,
466 2690 487 2724 at
498 2685 572 2725 saltem
583 2683 604 2723 in
616 2684 711 2732 miseris,
727 2697 778 2735 quos
789 2698 865 2736 parere
878 2686 953 2730 solent,

149 2745 272 2792 effectibus,
285 2755 365 2787 certum
377 2749 489 2797 gravitatis
502 2760 569 2798 genus
580 2748 693 2784 involvere.
712 2747 770 2784 Unde
783 2760 834 2799 quae
848 2762 859 2785 a
870 2749 953 2786 mortali

150 2815 258 2852 excusant,
269 2808 433 2846 reservationem
445 2808 565 2855 impediunt,

150 2889 371 2903 “ww—u·—

175 2936 190 2978 ί)
199 2935 220 2969 ln
231 2936 289 2973 Cone.
297 2939 400 2977 Mediolon.
410 2940 433 2975 V.
443 2949 459 2974 c,
470 2941 498 2974 10.
