2056 3193
131 80 176 122 292

129 188 257 229 summopere
273 185 375 220 dolendum
385 190 423 227 est,
439 187 490 229 quod
505 186 564 231 multi,
582 184 615 218 ubi
630 185 654 219 de
670 188 794 221 Sacramenta
810 184 938 227 poenitentiae

153 235 246 275 scribunt,
256 243 324 267 ueram
333 235 455 268 sacramenti
463 234 546 267 indolem
555 234 666 275 reticentes,
680 235 726 269 illud
739 243 776 268 ceu
787 242 860 266 meram
872 233 938 276 poeni·

153 283 233 316 tertium
244 283 369 317 directionem
379 282 488 325 exhibeant,
498 292 536 326 quo
544 283 565 316 fit
568 307 575 326 ,
585 286 606 315 ut
615 282 691 325 plurimi
701 284 719 316 in
728 292 788 318 sensu
797 291 832 316 suo
842 280 938 322 abundan-

153 332 221 365 dantes
231 332 349 373 exis'timent,
359 342 382 365 se
391 335 458 375 utpote
468 332 561 374 sibiipsis
570 331 696 372 sufficientes,
706 332 743 365 hac
752 332 857 365 directione
865 340 903 363 non
911 330 938 362 in-

153 380 226 424 digere.
236 380 341 423 situatam,
351 380 400 414 tales
411 380 543 415 confessarios
553 380 613 414 multo
623 379 753 424 sapientiores
763 390 816 423 esse,
829 383 860 413 ast
869 379 938 414 Sacra-

152 435 236 465 mentum
246 430 298 465 istud
308 440 345 465 noir
352 430 371 465 in
380 440 433 465 mera
443 429 547 466 directIone
557 430 653 473 consistit,
661 430 831 475 euiunusquisque
838 432 938 475 peccator,

154 481 171 515 si
180 480 257 526 quidem
267 482 390 516 occasionem
399 480 463 525 habet,
474 484 537 516 semet
545 479 642 522 subjicere
649 481 734 523 jubetur.

129 604 206 658 Canon
219 603 355 658 uniuersalis
365 599 517 671 etobjectiius
531 604 553 656 in
567 619 611 657 11111
624 603 746 673 potestatis
755 602 936 658 sacramentalis.

202 741 220 795 ξ,
235 738 285 782 198.
298 741 349 781 Cum
362 742 505 781 confessarius
518 741 620 792 duplicem
631 740 707 780 habeat
722 746 846 792 potestatem
865 741 937 781 divini-

128 811 163 842 tus
175 804 216 842 sibi
228 805 332 848 collatam,
346 804 406 842 aliam
419 803 499 853 quidem
512 804 537 842 ad
547 803 684 849 remittenda,
703 803 764 841 aliam
776 815 827 841 vero
845 803 869 841 ad
887 803 937 841 reti·

129 865 197 902 nenda
208 871 302 913 peecata,
315 871 362 902 11111
375 863 776 915 111ῃί111111ορο1111,’111111111111111,
795 870 815 901 et
829 863 937 914 qtecraodo

128 938 154 962 11
165 925 289 970 ntidebeat,
307 936 332 961 ne
343 925 377 962 vel
389 925 485 974 ipsemet,
499 925 534 962 vel
551 937 606 976 grex
618 923 697 962 Christi
715 923 861 961 detrimentum
871 923 937 973 patia-

128 992 169 1022 tur.
183 985 209 1021 Ut
221 985 275 1022 euim
286 997 362 1035 magno
375 997 398 1022 se
411 985 496 1024 erimine
509 985 629 1036 adstringit,
646 985 680 1034 qui
691 983 813 1022 thesaurum
825 983 906 1021 Christi
916 983 937 1020 in

129 1045 267 1082 Saerameuto
290 1045 435 1083 Paenitentiae
459 1046 558 1083 latentem
575 1045 691 1082 honunibus
709 1056 760 1082 vere
782 1044 937 1093 poenitentibus

129 1105 209 1142 crudeli
220 1105 348 1152 parsimonia
359 1105 460 1148 occludit,
479 1105 587 1142 liberalem
600 1104 680 1141 Christi
696 1105 858 1141 munificentiam
878 1115 937 1141 coar-

129 1169 178 1208 ctat,
191 1170 212 1200 11
224 1175 297 1212 aquam
309 1164 392 1214 gratiae
404 1176 430 1201 ex
441 1164 475 1201 illo
488 1165 587 1201 fluentem
599 1176 664 1201 avara
675 1175 736 1201 manu
749 1163 844 1202 cohibet:
861 1163 891 1200 ita
909 1162 937 1198 si-

128 1222 206 1260 militer
217 1222 238 1260 in
250 1224 398 1273 gravissimam
410 1224 483 1261 incidit
501 1225 593 1273 eulpam,
612 1223 646 1273 qui
663 1223 717 1261 hauc
735 1235 794 1260 suam
812 1228 937 1272 potestatem

127 1296 167 1322 usu
178 1283 247 1335 iniquo
260 1284 382 1335 corrumpit,
395 1291 415 1323 et
427 1285 450 1323 ad
463 1284 496 1324 sui
508 1284 668 1323 ostentationem
680 1284 784 1323 convertit
791 1299 797 1330 3
810 1283 844 1335 qui
855 1284 937 1328 timore,

127 1351 235 1395 respectu,
247 1345 300 1396 quod
312 1346 443 1397 frequentius
455 1346 501 1385 lieri
513 1347 577 1391 solet,
590 1346 656 1385 aliave
669 1345 741 1397 quavis
754 1345 816 1384 animi
827 1344 937 1396 perturba-

127 1409 182 1447 tione
195 1415 317 1455 commotus,
335 1409 408 1448 innon
426 1409 500 1462 dignos
519 1409 611 1448 effundit.
630 1409 689 1448 Deus
708 1408 805 1460 explicite
822 1414 894 1454 uetat,
912 1420 937 1445 ne

129 1477 203 1509 saneta
223 1470 316 1523 indiguis
338 1471 490 1522 projiciantur:
513 1472 597 1511 „Nolite
622 1477 717 1510 sanatura
735 1472 786 1510 dare
805 1467 936 1518 canibus¹].’⁷

131 1533 209 1573 „Irrita
220 1538 241 1570 et
252 1533 305 1571 falsa
316 1546 364 1583 pax,
375 1533 442 1584 inquit
454 1534 578 1585 Cyprianus,
589 1533 710 1584 periculosa
722 1533 831 1579 dantibus,
850 1538 871 1570 et
888 1522 938 1570 nihil

130 1594 280 1643 accipientibus
292 1595 416 1644 profutura:
430 1618 461 1624 -
471 1617 502 1623 —-
512 1618 542 1623 —
560 1595 579 1632 si
591 1596 636 1646 quis
648 1595 774 1633 temerarius
792 1594 938 1632 remissionem

128 1661 263 1705 peccaturum
276 1656 326 1694 dare
338 1668 361 1694 se
374 1657 455 1696 eunetis
467 1663 525 1707 putat
536 1669 606 1707 posse,
619 1656 721 1709 audetque
732 1662 846 1706 praecepta
857 1655 938 1693 rescin-

129 1718 186 1762 dere,
198 1728 238 1755 uon
250 1722 329 1755 tantum
341 1716 391 1755 nihil
402 1718 495 1768 prodest,
508 1719 545 1756 sed
557 1724 578 1755 et
589 1716 696 1764 obest²].'⁷
715 1717 742 1755 Ut
752 1717 818 1768 igitur
831 1717 938 1755 confessa-

128 1779 173 1815 rius
184 1784 289 1827 potestate
307 1779 396 1817 clavium
413 1780 507 1830 legitime
525 1780 546 1817 in
565 1791 625 1817 suam
642 1778 832 1828 poenitentiumque
851 1779 939 1816 salutem

127 1844 208 1884 utatur,
221 1850 324 1888 nunquam
337 1851 377 1877 non
389 1840 428 1877 sibi
439 1847 573 1889 praesentem
587 1839 663 1878 habeat
675 1839 760 1878 canonis
771 1839 839 1877 instar
851 1850 938 1888 sequen-

127 1906 169 1936 tem
180 1899 290 1949 regulam:
304 1899 434 1939 „Absotauo
446 1902 535 1939 1111111111
542 1899 662 1950 capacibus
673 1902 696 1938 et
706 1899 777 1947 dtpnts
783 1898 938 1950 tramittenda,

128 1958 271 2009 incapacibus
283 1963 357 1998 atatem
368 1964 390 1998 et
406 1960 501 2009 indicitis·
515 1961 629 2011 utinquam
645 1959 792 2010 irnperlieada
809 1962 864 1997 esta
881 1958 938 2007 Quae

127 2019 242 2068 propositio
256 2025 315 2057 certa
326 2026 347 2057 et
363 2020 443 2059 invicta
460 2021 480 2057 in
499 2026 575 2058 natura
592 2019 727 2057 Sacramenti
739 2019 895 2064 Poenitentiae‚
914 2031 940 2055 ex

127 2078 179 2127 ipsis
192 2078 260 2116 sacris
272 2079 340 2116 literis
353 2091 504 2129 sacrorumque
517 2091 618 2118 canonum
630 2078 719 2129 regulis,
738 2080 788 2117 adeo
800 2079 877 2128 liquido
890 2090 938 2116 eon-

128 2143 180 2182 stat,
193 2144 216 2175 ut
226 2138 355 2186 probationis
368 2146 493 2189 argumenta
504 2139 525 2177 in
536 2139 625 2177 medium
640 2139 737 2188 proferre
752 2139 801 2187 jure
814 2137 938 2187 supersede-

128 2211 152 2237 re
163 2198 275 2249 possimus.
288 2197 343 2239 Hine
355 2199 421 2254 missa
432 2200 555 2251 probatione
567 2205 635 2239 restat
646 2206 727 2239 tantum
738 2199 854 2251 inquirere,
867 2199 902 2250 qui
908 2198 939 2237 in·

129 2261 237 2310 oapacium
249 2267 270 2299 et
281 2261 415 2314 indignorum
426 2263 508 2301 nomine
519 2262 611 2301 veniant.
630 2283 660 2289 -
676 2260 772 2301 Dicimus
784 2268 852 2301 autem
870 2260 939 2312 perci·

127 2323 215 2375 piendae
234 2323 370 2364 absolutionis
389 2325 549 2366 sacramentalis
564 2325 690 2377 incapaces,
716 2324 750 2376 qui
767 2330 815 2364 utut
830 2323 938 2375 baptizati,

120 2385 212 2444 *tabeque
223 2398 266 2425 saec
277 2386 352 2440 eulpa,
371 2389 482 2428 materiam
500 2388 525 2427 ad
542 2387 686 2428 Poenitentiae
706 2387 867 2428 Sacramentum
879 2387 939 2425 abso-

128 2450 171 2486 lute
183 2449 334 2495 neeessariam,
344 2450 454 2501 praebere
464 2454 620 2501 conpescunt.
632 2450 673 2488 His
685 2450 845 2488 adnumeremus
864 2451 887 2497 a]
896 2447 940 2497 jam

129 2515 230 2554 mortuos,
243 2510 268 2557 b]
282 2521 293 2548 a
305 2505 436 2549 canfessario
450 2512 556 2556 absentes,
570 2513 592 2558 c]
606 2522 655 2556 eos,
671 2510 705 2560 qui
715 2522 753 2560 per
764 2522 845 2549 merum
856 2509 939 2553 mentis,
969 2513 973 2521 ’

129 2570 218 2608 nondum
236 2569 368 2609 sufficienter
387 2572 482 2610 excultae
496 2572 529 2609 vel
546 2571 637 2617 hebitis,
655 2571 773 2617 defectum,
793 2569 940 2611 committendo

129 2631 176 2670 veri
187 2631 274 2670 nominis
292 2638 379 2682 peceato
397 2632 489 2682 impares
507 2639 562 2679 sunt,
582 2633 606 2681 d]
625 2645 669 2678 eos,
688 2633 791 2683 qui,lieet
809 2633 854 2671 sine
872 2632 940 2681 culpa,

128 2693 231 2745 ignorant
242 2694 365 2732 necessaria
376 2694 504 2733 necessitate·
516 2693 586 2739 medii,
598 2696 621 2742 e]
634 2694 721 2744 denique
734 2705 780 2740 eos,
793 2694 886 2744 quisine
897 2704 941 2731 sca

129 2752 232 2805 culpane
245 2758 323 2792 tantum
343 2754 425 2806 quidem
443 2753 583 2794 confessionis
601 2755 761 2794 sacramentalis
779 2766 897 2806 peragere,
914 2765 940 2791 ne

127 2840 132 2851 ,
301 2841 313 2844 „A

155 2885 170 2926 ¹)
180 2883 250 2919 1111111.
260 2884 302 2920 Vll.
313 2902 336 2910 -
343 2887 359 2929 2)
369 2885 399 2921 De
408 2882 477 2930 lapsis.
