2056 3193
106 60 139 102 26-

107 188 139 213 me
150 177 231 228 indiget
242 178 300 215 homo
312 179 336 214 ab
349 177 415 225 aliquo
428 179 513 215 erudiri.
526 199 555 204 -—
570 198 599 204 w
614 197 643 205 ψ
658 186 679 216 et
696 180 741 217 ideo
760 181 908 219 convenienter

107 237 203 277 docilitas
214 239 296 289 ponitur
307 249 356 285 pars
367 238 502 286 prudentiac”
518 237 542 285 1).

179 298 307 338 Praesertim
325 297 346 335 in
365 299 428 336 rebus
445 298 578 349 gravioribus
594 304 614 336 et
631 299 784 340 difficilioribus
798 303 908 353 magisque

106 361 211 399 intricatis
222 358 333 397 manifesta
349 359 372 397 fit
385 360 504 409 prudentia,
522 366 543 397 et
559 360 584 398 ad
600 360 731 409 prudentiam
749 364 783 402 via
798 364 908 408 sternitur,

108 422 186 471 qnando
203 419 347 458 confessarius
365 420 471 458 admodum
487 421 542 458 lente
559 427 580 458 et
595 421 726 460 considerate
742 425 850 473 procedit,
867 437 908 462 non

106 482 172 519 subito
180 480 268 528 judicat,
281 487 302 519 et
313 482 338 520 ad
349 488 450 519 maturam
462 481 494 518 rei
506 481 676 520 deliberationem
689 490 709 520 et
726 484 751 522 ad
763 485 871 524 consilium
883 484 907 524 ab

105 542 150 579 aliis
160 541 271 589 petendum
282 542 396 591 poenitenti
406 542 459 579 diem
472 542 541 587 alium,
554 555 592 592 quo
604 543 681 588 veniat,
693 545 795 595 assignet.
810 547 907 586 „insum-

104 602 141 639 mis
157 602 240 651 quidem
255 604 329 647 rebus,
346 603 375 640 ait
392 602 415 641 S.
433 602 553 654 Gregorius
569 605 610 649 M„
629 604 693 642 citum
707 617 747 642 non
762 614 846 655 oportet
859 620 907 645 esse

103 663 219 709 consilium,
230 665 251 701 in
263 664 335 714 quibus
347 676 397 701 suae
408 664 530 713 prudentiae
542 665 603 703 inniti
614 677 654 703 non
669 665 739 710 dehet,
755 678 794 705 nec
810 681 858 706 esse
874 681 906 707 sa-

102 723 161 772 piens
174 725 226 774 apud
238 725 384 774 semetipsunr’
398 723 425 772 2).

175 786 224 823 Viri
235 793 310 831 autem,
322 798 373 836 quos
384 799 422 836 pro
433 799 514 824 morum
525 787 629 838 regimine
641 788 779 826 consulendos
796 801 843 827 esse
856 790 907 829 dici-

103 860 155 892 mus,
167 848 222 886 docti
233 848 275 885 sint
286 854 307 885 et
316 848 352 897 pii.
367 849 417 886 „Pie
435 848 526 886 seientes
543 855 564 886 et
578 839 671 887 scienter
687 850 728 899 pir'
741 849 803 898 juxta
818 851 868 889 illud
883 851 907 889 S.

102 909 220 961 Augustini.
232 909 293 947 Licet
305 909 359 947 enim
370 910 403 948 vir
415 910 487 948 doctus
499 910 617 960 generatim
632 911 718 949 moralis
735 911 857 962 disciplinae
872 925 906 951 re-

103 973 163 1024 gulas
176 971 257 1016 calleat,
270 983 306 1009 eas
317 978 454 1022 praepostere
468 972 632 1022 particularibus
648 973 732 1011 casibus
748 974 869 1024 applicabit,
887 981 908 1013 et

103 1046 164 1084 saepe
175 1034 229 1071 mala
241 1034 327 1072 consilia
339 1041 450 1087 suggeret,
463 1034 542 1085 quando
559 1041 580 1073 et
593 1035 639 1085 ipse
653 1035 731 1085 pietate
749 1036 811 1074 animi
827 1036 904 1077 deficit.

104 1096 237 1135 ssonscientia
247 1095 452 1149 illins2horologium
468 1103 500 1135 cst
516 1098 673 1147 perturbatum,
690 1098 742 1149 quod
759 1099 906 1151 corrigendum

105 1166 137 1197 est
149 1159 173 1197 ad
184 1170 276 1196 normam
288 1159 352 1204 illius,
365 1160 418 1210 quod
429 1159 492 1197 habet
502 1160 535 1197 vir
543 1160 621 1209 justus.

176 1216 195 1258 6.
207 1220 317 1259 Postremo
328 1222 402 1259 mediis
413 1221 510 1271 positivis
523 1221 668 1271 adipiscendae
683 1222 805 1271 prudentiae
823 1223 906 1274 negati-

102 1295 149 1320 vum
160 1282 210 1319 illud
222 1283 310 1327 accedit,
323 1283 376 1333 quod
386 1283 533 1333 impedimenta
544 1283 605 1332 hujus
617 1284 691 1321 tollere
708 1284 840 1329 studeamus,
857 1297 905 1335 quo·

102 1357 148 1382 rum
158 1344 270 1394 praecipua
285 1351 333 1382 sunt
345 1348 431 1396 passio,
442 1347 606 1397 praecipitatio,
623 1347 757 1395 pertinacia,
775 1346 825 1383 adde
844 1347 905 1385 etiarn

101 1406 151 1444 vitia
162 1406 237 1450 omnia,
248 1407 374 1456 praesertim
386 1420 417 1452 ea,
430 1419 482 1457 quae
494 1407 644 1458 temperantiae
661 1407 807 1445 adversantur.
830 1408 906 1447 Passio

102 1468 155 1506 enim
167 1468 265 1507 obscurat
282 1475 372 1507 urentem
377 1484 383 1515 3
394 1469 540 1519 praecipitatio
554 1469 643 1518 impellit
657 1468 678 1506 in
694 1469 754 1507 devia
768 1471 868 1520 pleraque
886 1477 906 1510 et

101 1530 194 1579 abrupta,
205 1542 244 1568 nec
255 1531 298 1569 ulla
308 1530 441 1581 praevisione
456 1531 486 1568 uti
501 1525 562 1576 sinit:
582 1531 699 1580 pertinacia
721 1531 813 1569 obstruit
822 1531 906 1570 aditum

101 1592 159 1630 bonis
172 1592 271 1637 consiliis,
285 1599 305 1630 et
316 1599 425 1642 peccatum
437 1593 579 1643 quodcumque
591 1592 690 1630 tenebras
705 1592 726 1630 in
738 1593 828 1631 animum
840 1595 905 1632 oll'uu-

102 1654 136 1691 dit.
148 1653 205 1691 Unde
216 1655 325 1703 praeclare
338 1655 360 1693 S.
372 1655 496 1693 Ambrosius
509 1655 549 1693 ait:
562 1655 599 1694 „ln
611 1654 743 1705 acquirendis
756 1655 849 1693 consiliis
861 1656 905 1705 plu-

101 1716 175 1753 rimum
186 1716 241 1754 valet
251 1717 307 1754 vitae
318 1717 419 1767 probitas,
431 1717 532 1755 virtutum
542 1716 701 1768 praerogativa,
713 1717 844 1768 frugalitatis
856 1729 905 1768 gra·

102 1777 141 1822 tia:
159 1777 203 1827 quis
219 1779 272 1815 enim
289 1779 311 1816 in
334 1790 398 1817 coeno
416 1778 494 1816 fontem
511 1779 620 1828 requirat?
639 1778 684 1827 quis
705 1790 730 1815 ex
751 1778 834 1816 turbida
853 1791 905 1828 aqua

102 1844 170 1887 potum
182 1840 265 1888 petatl''
279 1837 298 1887 ³]

173 1901 200 1937 m
212 1901 273 1950 „quia
290 1914 330 1939 non
348 1913 419 1939 sumus
442 1900 572 1939 sufficientes
590 1900 685 1951 cogitare
702 1899 781 1950 aliquid.
794 1912 819 1937 ex
837 1900 905 1945 nobis,

102 1961 161 2010 quasi
172 1974 197 1998 ex
208 1962 274 2006 nohis,
286 1963 323 2000 scd
335 1962 462 2000 sufficientia
473 1968 547 1999 nostra
562 1974 587 1999 ex
598 1962 643 1999 Deo
656 1962 701 1998 est’'
719 1958 747 2009 ⁴),
760 1961 840 2000 idcireo
856 1974 905 2013 gra-

102 2022 151 2059 tiam
162 2023 218 2059 Illius
229 2023 351 2073 suppliciter
366 2035 502 2072 exposcamus
519 2023 697 2072 postulamusque,
709 2029 733 2061 ut
743 2024 790 2072 lpse
806 2023 907 2061 concedat

101 2082 160 2118 nobis
172 2082 272 2131 Spiritum
279 2084 431 2133 intelligentiae
440 2090 461 2120 et
470 2083 592 2131 sapientiae,
601 2084 703 2131 Spiritum
717 2083 800 2121 consilii
812 2089 833 2122 et
846 2083 904 2121 forti-

102 2142 186 2188 tudinis,
196 2144 290 2193 inprimis
300 2145 375 2182 donum
385 2144 518 2182 discretionis
532 2143 650 2192 spirituum.

354 2274 424 2326 Verus
439 2274 564 2327 aninmrum
576 2273 648 2326 zelus.

174 2398 192 2452 ξ.
206 2396 240 2438 i8.
258 2400 330 2439 Verus
347 2401 462 2439 animarum
484 2401 542 2438 zelus
564 2400 630 2438 animo
652 2399 779 2438 confessarii
801 2413 865 2452 aeque
882 2415 906 2441 ac

101 2463 191 2502 scientia
203 2467 223 2498 et
234 2462 343 2510 prudentia
353 2462 481 2507 intellectus,
495 2469 528 2499 est
539 2462 682 2500 necessarius
695 2463 735 2500 Est
745 2474 796 2500 vero
808 2463 845 2500 ille
856 2462 906 2501 nihil

102 2524 172 2569 alliud,
185 2535 244 2573 quam
256 2523 349 2563 charitas
361 2525 408 2574 ipsa
420 2537 472 2576 erga
483 2525 550 2562 Deum
564 2530 584 2562 ct
595 2523 719 2574 proximum,
732 2537 771 2575 qua
783 2524 845 2563 saluti
858 2525 906 2564 alio-

100 2600 147 2627 rum
164 2587 185 2624 in
198 2585 240 2622 Dei
255 2586 342 2637 gloriam
361 2586 484 2625 adlaborare
502 2587 626 2639 satagimus.
644 2586 736 2625 Flamma
754 2593 793 2632 est,
812 2599 864 2637 quac
882 2600 907 2626 en

97 2650 152 2702 Justi
163 2648 226 2688 corde
239 2660 348 2699 erumpens
360 2650 417 2688 fovet
429 2662 500 2688 eornm
512 2650 618 2701 pictatem,
631 2661 682 2700 quos
691 2649 735 2699 jam
752 2648 864 2700 dispositos
876 2651 906 2689 in-

100 2713 165 2759 venit,
176 2718 282 2763 'oppugnat
293 2713 415 2758 renitentes,
427 2725 492 2763 neque
504 2713 551 2751 illos
565 2712 674 2764 quiescere
685 2713 773 2763 patitur,
789 2712 854 2752 donec
871 2726 907 2752 cos

116 2809 311 2820 ,μ

129 2853 144 2892 1)
159 2850 180 2883 S.
196 2848 263 2882 Thone.
274 2847 347 2880 Summ.
361 2849 419 2881 theol.
432 2851 450 2882 2.
465 2850 489 2881 ll.
504 2859 521 2891 q.
536 2850 566 2881 ro.
582 2857 598 2881 a.
613 2848 630 2881 8.
647 2866 670 2871 ——
687 2847 703 2887 2)
717 2845 769 2879 Libr.
783 2846 836 2880 Past.
850 2848 871 2881 P.
885 2849 908 2881 ΙΙ.

151 2901 167 2939 ²)
180 2897 233 2932 Libra
244 2898 262 2930 2.
274 2895 311 2930 Off.
322 2905 338 2930 c.
350 2898 378 2930 11.
387 2916 411 2921 -
419 2901 435 2938 4)
445 2899 468 2930 tl.
479 2898 523 2931 Cor.
534 2899 566 2930 lll.
575 2900 592 2930 5.
