2056 3193
118 86 145 143 Ω

119 216 211 261 anirnae3
224 217 282 266 leges
294 213 373 262 quippe,
386 225 437 262 quae
446 216 489 253 illic
502 216 631 265 irrogantur,
646 228 669 251 eo
682 221 784 264 spectant,
796 220 819 252 ut
831 213 921 252 exterio·

117 288 153 311 res
169 282 228 312 actus
243 274 389 316 rnoderentur3
406 272 440 310 hic
454 287 505 310 rero
521 275 578 322 ipsae
596 275 772 310 conscientiarum
788 274 880 311 latebrae
897 286 921 311 ac

118 335 176 374 sinus
192 334 254 374 aladiti
269 338 317 371 sunt
331 332 484 388 troesriganti,
500 347 538 374 nec
554 333 647 373 actiones
663 341 754 382 tautum,
772 346 844 375 uerum
860 334 921 376 etiarn

118 400 241 438 intentiones
257 398 373 448 regendae,
386 399 563 449 efficiendumque,
576 405 598 436 nt
608 400 738 448 poenitentes
750 400 811 437 'aliter
824 412 848 438 ac
861 407 921 438 autea

119 462 142 498 de
154 461 215 497 rebus
223 458 328 507 judicent,
341 467 456 509 amentque,
469 461 520 510 quod
532 461 629 504 oderant:
647 461 737 504 oderint,
750 460 802 510 quod
815 461 921 505 amabant:

118 531 173 567 spem
186 520 343 563 nanciscantur,
355 520 391 555 ubi
402 520 514 567 desperant
526 519 610 566 dejecti,
626 525 686 567 atque
699 521 824 566 voluptatem
836 520 879 556 illic
891 520 920 555 in-

117 578 207 621 veniant,
219 578 255 615 ubi
266 577 317 615 nibil
328 578 368 614 nisi
379 589 496 616 moerorem
509 583 568 628 atque
581 577 689 615 tristitiam
701 578 840 629 reperiebant.
864 578 920 630 Qitae

117 639 204 681 lumina!
221 654 272 693 quae
287 640 406 692 prudentia!
424 655 475 693 quae
491 642 533 681 ris!
558 641 632 681 Gratia
647 642 726 695 indiget
741 642 838 692 plurima,
856 651 877 682 et
888 657 921 682 sa-

117 704 194 753 pientia
207 717 246 741 non
258 704 348 748 modica,
366 705 400 753 qui
412 705 558 741 confitentibus
571 698 653 752 operam
667 705 707 742 dat.
732 704 841 742 „Scientia
853 706 921 743 scien·

117 765 194 801 tiarum
210 764 259 801 mibi
272 764 375 807 videturt,
395 764 424 800 ait
439 764 461 800 S.
475 764 594 813 Gregorius
606 765 669 808 Nam,
690 764 809 802 „liominem
824 765 920 813 regere.”

116 824 170 860 Num
183 824 227 872 quis
240 822 322 859 audebit
332 823 382 859 illud
394 823 482 873 aggredi
495 834 553 871 optus,
566 822 612 872 quin
621 823 707 873 regulas
715 823 734 859 in
742 828 814 860 sancto
824 822 922 861 tribunali

118 883 232 925 servandas
245 884 320 924 calleat
331 890 438 937 artemque
450 884 555 933 didicerit,
567 885 615 925 illas
626 885 691 925 variis
704 885 851 937 poeniteutiam
863 887 920 926 infir·

118 949 223 987 [nitatibus
240 948 369 998 applicandi?
387 949 458 986 Nonne
471 950 582 986 tirnendmn
596 955 637 992 cst,
654 961 678 985 ne
691 962 716 985 ex
727 949 806 999 ingenii
817 949 885 997 potius
898 950 921 986 li-

117 1009 197 1053 bidine,
216 1021 275 1057 quarn
290 1009 314 1045 ad
330 1020 423 1045 namnam
438 1021 547 1046 sacrarum
560 1009 688 1045 sanctionum
702 1015 828 1045 exerceatur
839 1021 921 1052 munus,

118 1069 172 1105 inter
188 1068 255 1104 onmia
270 1067 339 1105 officia
354 1068 499 1106 ecclesiastica
511 1067 667 1105 difficillimum?
690 1067 777 1104 bliseris
789 1079 839 1104 vero
852 1068 921 1117 poeni-

118 1128 219 1176 tentibus,
237 1128 338 1182 aliquidne
355 1128 422 1183 magis
438 1129 568 1170 metuendum
585 1135 629 1176 est,
647 1142 707 1181 quam
719 1143 744 1169 ne
756 1129 776 1168 iu
790 1143 861 1170 manus
874 1145 921 1171 eon·

119 1194 255 1231 fessariorum
267 1193 385 1240 hujusmodi
396 1193 502 1231 incidant?
520 1193 650 1230 Exercitium
663 1199 683 1229 et
695 1193 825 1242 experientia
837 1195 921 1231 nrultnm

120 1254 199 1301 quidem
212 1253 321 1290 conserunt
333 1253 357 1289 ad
370 1253 410 1289 rite
423 1260 443 1289 et
454 1254 562 1290 fructuose
575 1252 708 1299 excipiendas
721 1252 873 1296 confessiones,
889 1260 922 1289 ast

119 1313 163 1348 sine
180 1312 265 1360 praeuia
280 1313 401 1362 regularum
416 1318 436 1349 et
453 1311 542 1349 metlntdi
558 1311 604 1348 illas
622 1310 737 1360 applicandi
755 1311 872 1363 cognitione
888 1313 923 1349 vix

119 1373 234 1425 proficient.
256 1374 284 1413 m.
300 1373 410 1422 sidentur,
427 1374 460 1426 qui
473 1374 555 1426 proprio
569 1373 652 1427 ingenio
666 1387 689 1413 ac
702 1374 769 1413 stmlio
782 1374 826 1413 siue
839 1374 890 1415 duce
903 1382 923 1415 et

120 1437 220 1489 magistro
233 1438 349 1486 proficiant,
362 1438 488 1475 diffitendum
502 1444 620 1475 tamennon
633 1444 672 1481 est,
685 1436 738 1474 baud
751 1449 821 1473 ornnes
834 1438 922 1486 quinque

119 1498 196 1534 talenta
211 1498 324 1544 accepisse.
348 1496 478 1545 Quapropter
490 1497 510 1532 iu
522 1497 576 1533 votis
588 1495 677 1532 habetur
689 1496 786 1539 summiS,
804 1502 826 1531 ut
838 1497 924 1544 quilibet

119 1557 227 1601 sacerdos,
250 1568 311 1594 sacer
331 1556 505 1593 conscientiarum
524 1555 603 1593 arbiter
622 1561 642 1593 et
659 1555 736 1604 judex,
760 1567 840 1593 omnem
856 1556 877 1593 in
895 1556 922 1594 iis

120 1618 229 1668 doctrinis,
248 1633 292 1659 cum
310 1633 321 1659 a
336 1618 404 1659 saeris
420 1619 498 1665 literis,
518 1626 559 1658 tum
572 1633 583 1658 a
596 1618 680 1658 Sanctis
692 1619 791 1658 Patribus
802 1620 922 1659 Ecclesiae·

120 1695 157 1731 que
175 1683 305 1730 praesulibus
321 1683 439 1731 praeceptis
457 1689 477 1719 et
492 1681 632 1719 acddtscemlie
647 1688 668 1718 et
683 1682 750 1718 animo
763 1684 923 1732 alternorittepttc

119 1743 267 1791 imprimendis
288 1742 383 1779 adhibeat
399 1742 541 1790 diligentiam,
560 1747 583 1776 ut
597 1741 653 1776 istud
671 1740 829 1777 misericordiae
846 1740 923 1777 Sacra-

120 1807 208 1838 mentum
225 1801 381 1839 administretur
394 1806 414 1837 et
425 1800 540 1850 recipiatur
552 1799 665 1837 seecundum
677 1805 766 1838 mentem
779 1799 870 1840 Sanctae
882 1802 922 1840 Ec·

120 1864 195 1904 clesiae
209 1864 335 1904 Catholicae.

265 1959 777 2026 fflmfflmmmmmmfflmmmt

192 2045 209 2100 ξ.
222 2042 242 2085 8.
259 2047 335 2084 Patres
345 2045 613 2084 EcclesiaePaenitentiam
626 2044 711 2097 ejusque
724 2044 923 2087 administrationem

119 2109 139 2148 in
150 2110 243 2161 pluribus
256 2123 341 2161 opermu
354 2123 439 2149 suornm
450 2111 503 2149 locis
515 2116 640 2148 tractarunt.
657 2109 716 2148 Haec
729 2122 792 2159 opera
804 2122 828 2147 eo
838 2112 923 2160 majoris

120 2179 167 2209 sunt
178 2173 282 2216 momenti,
295 2185 333 2220 qno
346 2173 413 2221 magis
426 2173 499 2208 exinde
511 2172 620 2209 Ecclesiae
632 2183 707 2207 sensus
719 2171 815 2218 patescit.
833 2172 856 2207 In
868 2171 923 2210 huuc

120 2243 204 2268 censura
215 2232 310 2268 ueniunt:
331 2229 428 2278 Originis
438 2230 522 2267 homilia
534 2230 625 2267 secunda
637 2230 656 2265 in
669 2229 794 2273 Leviticunr,
808 2236 828 2265 et
840 2230 891 2267 aliae
903 2231 923 2267 in

119 2290 246 2330 blattbaernn
262 2298 282 2329 et
297 2292 387 2338 Lucanr;
409 2289 533 2330 Tertullam
547 2290 600 2329 liber
613 2289 636 2329 de
647 2289 792 2338 Paenitentia;
809 2286 924 2333 Lactantio·

120 2355 263 2394 institutiones
282 2356 374 2402 divinae,
397 2356 498 2406 imprimis
515 2351 554 2401 4²³3
578 2351 602 2393 S.
619 2352 723 2404 Gregorii
739 2354 825 2406 bisseni
841 2355 924 2395 homilia

120 2416 140 2452 in
156 2430 201 2461 cos,
221 2419 254 2466 qui
271 2418 322 2455 alios
338 2417 435 2454 acerbius
447 2418 552 2463 judicaut3
575 2413 601 2452 S.
613 2416 727 2451 Ambrosii
744 2415 767 2451 de
783 2416 922 2461 Paenitentia3

121 2472 146 2510 S.
157 2475 253 2513 Faciant
270 2477 358 2525 epistola
369 2477 435 2523 prima
451 2475 474 2511 ad
488 2474 643 2522 Sempronium,
663 2480 683 2510 et
693 2474 826 2510 Paraeneses
839 2475 864 2511 ad
875 2486 923 2523 poe·

120 2534 209 2573 nitentes
214 2550 219 2582 ;
242 2533 266 2575 S.
280 2534 378 2575 Jaanta's
392 2533 544 2588 Oltrpcoatomi
554 2533 651 2574 homiliae
663 2534 745 2587 plures3
768 2531 793 2575 S.
805 2534 924 2588 Augustini

120 2612 189 2638 sermo
202 2595 252 2645 352.
266 2608 285 2639 et
295 2602 349 2640 liber
361 2602 385 2640 de
398 2600 508 2650 Symbola,
522 2598 641 2639 &Leonta
650 2598 681 2638 M.
695 2601 795 2649 epistolae
807 2597 842 2639 84.
856 2607 876 2638 et
888 2596 922 2640 85.

119 2663 144 2699 de
156 2662 215 2698 modo
228 2663 384 2700 administramli
396 2664 555 2700 Saerarnentmn
567 2661 721 2704 Poenitcntiac3
738 2659 762 2697 S.
775 2658 878 2706 Gregorii
889 2660 922 2698 M.

118 2720 266 2768 Expositiones
279 2721 401 2768 scripturae
418 2722 509 2764 Sacrae,
528 2720 640 2768 praecipue
658 2731 709 2768 quae
727 2719 795 2756 factae
808 2719 887 2755 suntin
899 2720 923 2757 li-

118 2781 177 2820 brurn
192 2779 233 2818 Job
246 2785 267 2818 et
277 2780 296 2818 in
309 2781 396 2832 primurn
408 2781 483 2821 librum
495 2781 583 2835 Regum.
611 2780 665 2819 Prae
678 2779 764 2832 reliquis
777 2775 802 2819 S.
817 2777 924 2834 Cypriani

117 2846 172 2885 liber
184 2845 208 2884 de
220 2846 306 2895 Lapsis,
324 2842 349 2883 S.
360 2845 478 2895 depublicet
491 2844 647 2888 confessiones,
664 2841 688 2882 S.
705 2841 809 2893 Greportt
820 2843 853 2884 M.
869 2846 922 2887 liber

119 2909 142 2946 dc
156 2909 211 2946 Cura
223 2907 332 2958 pastorali,
346 2920 419 2956 magno
432 2914 492 2944 erunt
504 2908 550 2943 usui
563 2905 699 2943 confessario.
