2017 3193
881 91 924 134 327

189 201 270 240 Etenim
278 202 426 255 *misericordia
437 204 519 242 Domini
538 216 577 242 non
591 211 622 242 est
640 203 745 242 metienda
757 202 871 240 secundum
890 215 924 241 an-

116 271 191 319 gustos
203 263 273 302 cordis
285 265 351 303 nostri
362 264 439 303 limites
450 261 474 312 ί).
487 266 528 304 Dei
539 265 620 304 bonitas
639 277 692 317 erga
710 263 843 314 poenitentes
861 263 924 302 fundo

117 332 182 371 caret,
200 325 249 365 illuc
260 334 382 380 mergantur
400 325 468 365 onmia
482 333 570 377 peccata
584 327 709 377 poenitentis
718 324 744 376 2).
763 326 808 365 Non
826 331 868 371 est,
888 338 925 365 eur

117 387 243 438 despondeat
254 389 341 428 animum
356 388 478 439 poenitenS,
496 388 532 425 sed
549 388 628 437 potius,
648 401 685 427 our
703 389 804 439 majorem
820 388 925 438 concipiat

116 449 211 489 fiduciam
224 451 316 501 exemplo
334 449 429 494 navidis,
450 448 483 497 qui
500 449 579 498 lapsus,
598 454 655 487 tanta
668 462 713 488 crint
732 451 800 502 gloria
816 449 939 489 surrexitz'

68 507 72 515 ’
118 512 163 550 „Tu
175 512 322 560 propitiaberis
334 516 421 561 peccato
439 508 505 546 nteo.”
520 507 577 546 Gur?
597 510 697 547 „Multum
710 517 742 548 est
754 512 829 549 enimn
849 511 924 549 Profe·

116 578 149 610 c-to
161 570 256 619 injuriam
268 573 319 611 facit
330 573 383 614 Deo,
396 569 430 619 qui
442 581 487 606 eum
500 568 586 614 deserit,
598 570 698 618 majorem
709 570 767 615 facit,
780 571 813 621 qui
824 571 855 609 illi
872 571 923 610 diffi-

116 632 151 669 dit.
168 632 239 670 Bonus
250 639 322 683 pastor
342 630 440 669 Christus
460 629 550 668 sollicite
570 630 672 679 quaesivit
692 630 794 668 oviculam
812 633 922 679 perditam:

116 693 140 730 de
151 692 236 732 inventa
248 698 375 733 convocatos
387 689 427 728 sibi
438 689 504 727 voluit
515 691 632 742 gratulari:
646 691 664 728 si
675 690 752 729 festum
765 691 835 742 agitur
846 692 867 729 in
876 704 918 730 coe·

116 754 134 791 lo
147 766 209 804 super
221 768 260 793 uno
272 759 385 804 peccatore
396 750 545 800 poenitentiam
558 758 642 802 agente,
655 757 730 801 quanto
749 751 817 803 magis
830 753 922 791 celebra-

115 814 170 852 bitur
182 821 240 853 tanta
252 812 379 853 conversio?
399 811 421 848 ln
433 811 482 849 vitis
499 811 625 850 Sanctorum
637 812 672 849 vin
684 812 789 861 reperitur
807 812 923 852 innocenti·

114 876 152 913 bus
165 876 261 913 collatum
274 873 349 924 aliquid
361 872 460 921 specialis
472 872 559 918 favoris,
572 874 624 923 quod
642 885 682 910 non
700 874 781 922 pariter
799 874 857 912 Deus
873 887 924 912 vere

115 935 267 985 poenitentibus
280 932 400 972 contulerit.
413 932 483 982 Quare
494 933 557 985 longe
570 933 636 977 abest,
647 940 670 971 ut
678 934 724 984 quis
732 934 830 984 desperet
843 936 867 973 ob
875 947 923 985 pec·

116 1003 170 1041 cata,
182 1002 204 1034 ut
215 996 283 1046 potius
296 994 372 1032 fiducia
384 1000 403 1031 et
416 1006 453 1044 spe
467 994 488 1031 in
499 994 540 1032 Dei
551 994 665 1033 bonitatem
684 1001 705 1032 et
723 995 889 1034 misericordiam
901 1008 923 1033 se

115 1056 184 1107 erigat
196 1063 216 1094 et
227 1055 331 1104 charitate
342 1055 363 1092 in
378 1055 445 1093 Deum
458 1055 584 1094 inardescat.
596 1078 626 1083 —
639 1055 794 1095 „Remittuntur
803 1056 822 1093 ei
836 1062 924 1106 peccata

115 1117 184 1161 multa,
197 1116 291 1166 quoniam
304 1115 376 1153 dilexit
387 1117 480 1154 multum.
501 1115 539 1154 cut
552 1122 620 1154 autem
632 1116 699 1166 mimis
718 1116 836 1162 dimittitur,
856 1117 924 1154 minus

115 1176 182 1227 diligit
191 1174 231 1224 ³),”
250 1176 312 1213 Miles
325 1176 434 1227 fugitivus,
446 1177 481 1214 uhi
493 1177 553 1222 redit,
573 1189 678 1228 generose
696 1178 806 1229 pugnando
818 1177 924 1229 ignaviam

114 1229 244 1286 compensat,
262 1243 282 1274 et
293 1238 395 1275 maculam
412 1238 473 1276 delet.
496 1259 524 1265 -
548 1238 680 1276 Suadendum
698 1238 795 1276 similiter
808 1245 840 1276 est
851 1239 922 1288 poeni·

114 1297 172 1342 tenti,
185 1298 219 1347 qui
230 1304 277 1347 post
288 1303 318 1336 tot
331 1310 354 1336 ao
367 1304 435 1336 tantas
454 1298 577 1349 degustatas
592 1299 632 1336 Dei
647 1299 729 1349 gratias
745 1300 817 1348 lapsus
834 1299 882 1343 fuit,
900 1306 923 1336 ut

113 1357 160 1395 hinc
172 1358 233 1395 statis
243 1358 317 1395 ‘diebus
330 1370 400 1395 coram
413 1359 501 1395 Domino
514 1359 615 1403 sesistat‚
627 1365 724 1408 tanquam
733 1359 865 1410 foedifragus
874 1372 922 1397 con·

112 1417 194 1454 fusione
206 1419 289 1466 plenus;
303 1424 388 1456 accuset
400 1430 423 1456 se
436 1419 460 1455 de
472 1430 510 1455 sua
524 1418 612 1466 perfidia
626 1419 695 1456 instar
710 1419 747 1456 filii
762 1419 845 1470 prodigi
851 1434 857 1464 ;
873 1421 922 1456 offe·

112 1483 146 1513 rat
158 1489 180 1513 se
193 1478 217 1514 ad
230 1489 371 1527 quamcunque
384 1490 480 1526 poeuam3
500 1477 607 1529 indignum
623 1490 646 1515 se
663 1484 756 1527 reputet,
776 1478 809 1527 qui
828 1485 922 1516 assumat

113 1549 186 1575 nomeu
197 1538 281 1575 Domini
292 1550 329 1586 per
341 1550 364 1574 os
377 1549 436 1575 suum
448 1538 505 1574 velut
524 1544 598 1576 sancta
616 1538 692 1582 Thais,
713 1550 765 1587 quae
785 1550 888 1576 conversa
912 1551 923 1575 a

113 1599 136 1636 S.
148 1597 271 1645 Paphnufio,
284 1597 328 1644 ejus
342 1597 404 1645 jussu
419 1610 457 1635 usa
474 1604 506 1634 est
522 1599 547 1636 ad
564 1598 674 1635 Dominum
691 1599 792 1636 vocibus:
811 1597 850 1645 Qui
867 1600 923 1647 plas-

112 1657 174 1695 masti
187 1669 230 1702 me,
250 1657 351 1694 miserere
371 1658 431 1694 meist
451 1658 528 1707 Fugiat
545 1659 829 1702 sensuumoblectamenta3
852 1658 924 1695 sedulo

112 1718 164 1755 vitet
176 1718 298 1755 occasiones
310 1717 431 1762 relabendi,
448 1718 521 1766 lapsus
532 1719 553 1755 in
565 1718 647 1755 foveam
662 1718 777 1755 studiosius
798 1717 870 1755 deinde
890 1730 923 1756 ca·

112 1785 170 1824 veat3
183 1786 203 1817 et
214 1779 243 1817 ita
255 1779 298 1823 liat,
310 1785 333 1816 ut
344 1779 415 1824 robur,
429 1778 481 1828 quod
494 1786 541 1817 ante
549 1779 628 1825 habuit,
642 1779 741 1829 accipiatg
754 1779 834 1824 demum
843 1791 923 1817 omnem

112 1840 250 1878 inordinatam
262 1839 370 1877 tristitiam
383 1840 455 1888 procul
467 1841 562 1888 repellat.

382 1983 471 2055 Regula
484 1983 544 2039 tilae
558 1985 658 2040 devotae.

184 2122 204 2176 ξ.
217 2120 309 2164 maid
321 2123 471 2174 perfectionem
484 2117 620 2163 christianam
639 2125 799 2174 assequendam,
818 2123 838 2160 in
858 2135 923 2172 eaque

112 2185 289 2236 perseverandum
308 2185 419 2235 plurimum
434 2186 488 2223 valet
504 2186 596 2224 ordinem
615 2187 670 2224 vitae
687 2186 774 2223 devotae
791 2184 830 2221 sibi
846 2184 922 2235 ligere,

113 2247 171 2295 cujus
183 2246 292 2291 beneficio,
305 2246 437 2285 Christianus
450 2246 574 2295 perfectioni
585 2247 651 2285 indies
661 2246 734 2293 majori
742 2245 836 2290 studens,
848 2245 869 2282 iu
881 2245 923 2282 vir·

113 2308 163 2347 tutis
178 2319 295 2358 progressu
307 2314 328 2345 ct
338 2307 499 2356 perseverantia
507 2308 580 2356 juvari
595 2308 667 2356 possit.
685 2305 754 2354 Quare
774 2318 812 2343 non
828 2306 923 2354 injucun-

112 2370 157 2407 dam
170 2381 254 2418 operam
268 2368 405 2406 confessariis
417 2368 492 2418 iisque,
511 2369 584 2418 quihus
601 2381 652 2406 cura
668 2367 783 2405 animarum
801 2368 924 2405 demandata

112 2436 151 2476 est,
167 2430 299 2479 praebituros
312 2442 349 2467 llos
362 2441 410 2467 esse
423 2429 558 2474 confidimus,
575 2430 593 2466 si
609 2428 768 2467 delineationem
785 2428 874 2478 aliquam
890 2441 923 2467 re·

111 2492 173 2543 gulae
185 2492 240 2529 vitae
252 2504 288 2541 pro
300 2490 431 2542 perfectione
444 2490 565 2536 christiana,
578 2491 628 2529 licet
639 2491 787 2540 rudipenioillo
801 2503 924 2540 expressam

112 2553 269 2605 subjungamus,
281 2553 342 2604 idque
355 2565 378 2590 eo
391 2552 467 2605 magis,
480 2565 518 2602 quo
530 2553 577 2590 fieri
588 2553 665 2598 soleat,
677 2559 700 2590 ut
712 2553 843 2602 poenitentes
859 2565 883 2590 ea
899 2552 922 2589 de

98 2627 134 2651 fre
154 2615 306 2653 confessarium
325 2627 469 2665 nonnunquam
489 2614 569 2653 adeant.
589 2617 688 2653 Fatemur
708 2621 791 2659 autem,
810 2613 865 2652 sicut
883 2625 922 2650 nou

112 2674 179 2711 onmia
190 2676 276 2714 virtutis
289 2677 356 2714 media
368 2676 479 2726 expediunt
494 2677 595 2721 omnibus,
615 2677 644 2714 ita
662 2677 682 2713 iu
701 2676 739 2714 hoc
758 2675 865 2714 schemate
884 2686 922 2711 non

112 2733 195 2784 singula
207 2737 298 2788 singulis
311 2737 430 2782 convenire,
443 2743 464 2774 ut
477 2737 527 2776 adeo
540 2737 622 2775 nonnisi
637 2750 662 2775 ea
674 2737 752 2787 seligat
766 2735 921 2778 'corifessarius

112 2832 331 2843 Ἢ

136 2890 151 2924 ¹)
163 2887 201 2921 oo.
211 2890 265 2923 ocu
275 2891 335 2924 xvu.
344 2894 374 2925 os.
385 2911 401 2916 -
418 2896 433 2933 ε)
444 2893 502 2927 unct.
513 2893 554 2925 vu.
568 2895 596 2926 to.
609 2911 629 2916 -
640 2898 656 2933 q
666 2894 711 2924 nuo.
723 2892 763 2924 vu.
774 2890 803 2921 at.
