2017 3193
851 108 895 152 105

87 235 135 266 sunt
147 227 211 272 levia,
223 239 263 263 non
274 225 376 272 humano,
391 226 428 266 sed
440 226 508 263 divino
516 226 595 274 judicio
603 234 652 266 sunt
662 224 783 278 pensanda'’
792 222 817 272 ¹).
829 224 894 262 Prae-

87 296 146 327 terea
156 287 250 326 uberiori
268 287 338 338 gratia
352 301 376 327 ac
391 286 526 326 validioribus
543 288 625 325 auxiliis
643 301 690 326 sese
703 286 840 333 defraudaret
857 298 895 335 per

87 350 247 389 Sacramentum
260 348 399 394 conferendis,
415 348 449 399 qui
458 347 549 384 venialia
560 350 741 387 sacramentaliter
751 347 848 387 confiteri
859 359 894 384 ne-

87 408 217 463 gligeret²].
229 432 259 438 ——
272 411 349 448 Eodem
364 410 438 453 modo,
454 407 505 446 licet
517 407 541 444 de
557 409 683 446 necessitate
695 423 734 448 non
747 410 788 454 sit,
807 414 896 459 peccata

87 472 201 523 graviora,
217 471 238 508 in
257 469 483 518 confessionejamjam
496 468 579 518 expiata
598 468 673 506 iterum
692 471 800 515 confiteri,
817 470 896 508 iterata

88 539 157 570 tamen
170 532 288 570 eorumdem
300 539 434 582 peccatorum
448 529 552 567 confessio
566 540 724 579 nonrelinquant
734 532 833 569 salutaris
846 543 895 569 esse

85 595 173 643 potest,
189 598 232 630 tum
250 594 331 631 ratione
342 590 466 629 humilitatis
477 589 543 639 ipsius
555 589 689 639 peccatoris,
706 595 750 627 tum
761 592 841 629 ratione
853 592 894 629 rei·

88 659 167 691 teratae
180 654 324 697 contritionis,
342 665 367 689 ex
380 663 419 700 qua
431 651 497 687 denuo
512 650 617 687 confessio
632 650 741 698 procedit,
758 656 800 687 tum
814 653 895 689 ratione

88 713 237 758 verecundiae,
251 726 310 763 quam
323 713 343 749 in
353 712 401 761 ipsa
412 716 549 759 peccatorum>
558 710 691 747 confessione
701 709 770 753 habet,
785 715 827 747 tum
840 712 895 749 deni-

89 785 127 823 que
144 773 224 811 ratione
243 772 326 811 consilii
344 778 365 808 et
384 770 537 815 correctionis,
562 782 601 820 qua
619 770 638 807 ei
660 770 804 808 confessarius
823 771 896 809 subve-

90 834 135 872 nire
148 840 224 883 potest.
244 832 390 870 Clarissimum
400 830 462 878 hujus
474 830 583 868 doctrinae
601 829 743 867 testimonium
760 831 804 879 peti
818 836 897 879 potest,

88 901 131 932 tum
143 905 155 931 a
166 892 269 933 communi
287 892 396 930 doctorum
409 896 431 928 et
441 891 554 928 sanctitate
567 890 699 928 eminentium
710 889 803 928 virorum
815 897 898 929 senten·

89 954 124 999 tia,
132 977 134 981 ν
142 954 176 1004 qui
194 953 345 1003 poenitentem,
363 964 409 990 cum
422 963 458 1000 spe
470 951 543 988 veniae
555 963 593 989 sua
604 956 692 1000 peccata
704 951 788 1000 saepius
800 952 899 990 confiten-

89 1022 140 1059 tem,
159 1014 234 1065 optime
248 1025 297 1050 suae
312 1012 374 1050 saluti
387 1012 498 1051 consulere
510 1012 637 1050 decernunt:
655 1018 696 1050 tum
716 1011 777 1050 etiam
797 1025 822 1050 ex
840 1012 899 1062 praxi

88 1076 209 1121 Ecclesiae,
235 1086 286 1124 quae
304 1073 421 1122 hujusmodi
444 1073 609 1118 confessionem,
626 1086 666 1111 non
684 1073 743 1111 modo
760 1086 841 1119 eorum,
866 1074 901 1124 qui

89 1136 195 1187 Religioni
210 1135 272 1173 alieni
284 1135 308 1172 ab
320 1134 418 1173 Ecclesia
434 1135 560 1184 approbatae
575 1134 694 1178 initiantur,
711 1146 784 1172 verum
802 1135 864 1172 etiam
879 1140 900 1172 et

90 1208 175 1241 eorum,
194 1196 258 1247 quiin
276 1196 347 1234 seculo
361 1201 494 1245 permanent,
511 1194 647 1233 vehementer
662 1195 776 1245 approbat,
795 1201 855 1246 atque
875 1196 899 1233 ad

90 1270 135 1297 eam
150 1257 221 1296 sedulo
236 1256 365 1295 adhortatur.
384 1256 407 1294 Si
419 1262 506 1307 peccata
518 1257 585 1294 solum
596 1257 686 1294 venialia
697 1257 731 1294 vel
743 1257 804 1295 ctiam
817 1258 899 1309 gravia,

90 1318 179 1369 sedjam
191 1319 271 1358 directe
288 1319 393 1364 remissa,
414 1325 558 1369 exponuntur,
576 1318 736 1358 Sacramentum
754 1319 900 1357 Poenitentiae

90 1388 174 1433 praeter
186 1381 268 1420 illorum
280 1381 438 1425 remissionem,
457 1380 478 1419 in
490 1381 560 1432 gratia
572 1381 641 1419 divina
652 1393 690 1419 nos
703 1382 821 1426 confortat,
838 1388 900 1432 atque

90 1444 145 1482 illius
164 1451 297 1496 augmentum
318 1449 431 1494 operatur,
448 1443 489 1490 imo
508 1455 545 1492 pro
565 1443 699 1481 contritionis
718 1442 803 1481 fervore
821 1456 900 1493 poenas

91 1506 152 1544 etiam
164 1506 292 1555 temporales
304 1505 387 1543 avertit.

374 1623 407 1676 lle
420 1623 522 1693 peccatis
536 1623 619 1676 dubiis.

165 1748 183 1801 ᾗ,
197 1745 231 1787 71.
250 1749 342 1787 Peccata
360 1749 435 1793 dubia,
454 1749 512 1787 circa
530 1761 581 1799 quae
599 1750 731 1798 poenitentes
749 1762 901 1800 saepenumero

90 1812 192 1856 haerent,
208 1810 294 1848 multum
309 1811 390 1862 negotii
401 1811 510 1849 facessunt
522 1810 667 1856 confessario,
684 1811 725 1849 nisi
743 1824 794 1849 sana
813 1818 833 1849 et
851 1811 900 1849 defi-

90 1872 134 1911 nita
145 1878 217 1910 teneat
227 1871 344 1922 principia,
362 1885 413 1922 quae
426 1872 448 1909 in
460 1872 596 1921 dijudicandis
607 1872 649 1910 illis
661 1873 729 1923 ipsum
742 1873 841 1924 dirigant.
854 1873 901 1910 Ple·

90 1934 150 1985 rique
161 1933 267 1984 triplicem
279 1933 406 1984 quaestionis
419 1939 496 1972 statum
508 1934 653 1985 distinguunt3
671 1934 705 1972 vel
719 1935 765 1984 quis
778 1934 858 1973 dubitat
877 1934 901 1972 de

92 2002 151 2035 aetus
170 1994 299 2039 substantia,
316 1994 429 2040 videlicet,
447 2007 471 2033 an
489 1995 566 2033 fecerit
583 2007 622 2034 nec
640 2007 680 2041 ne:
698 1996 732 2033 vel
751 1995 775 2033 de
794 1996 902 2047 gravitate

91 2057 186 2108 peccati,
203 2068 251 2093 num
263 2057 351 2094 mortale
370 2056 411 2100 sit,
430 2069 454 2094 an
466 2056 561 2102 veniale:
573 2057 608 2094 vel
625 2056 650 2094 de
669 2056 815 2101 confessione,
833 2062 902 2095 utrum

87 2119 131 2168 jam
143 2117 182 2156 hoc
192 2117 302 2156 confessus
311 2118 346 2162 sit,
364 2130 402 2156 nec
414 2120 458 2155 ne?
469 2117 509 2156 His
521 2117 645 2168 praemissis
657 2118 822 2169 respondemus:
834 2118 901 2168 Inpri-

91 2180 130 2218 mis
142 2179 161 2216 si
173 2178 275 2227 ejusmodi
286 2179 347 2216 dubia
355 2179 379 2216 ab
388 2179 505 2217 hominihus
513 2191 564 2217 vere
577 2180 707 2229 scrupulosis
716 2181 840 2224 afferuntur,
853 2192 901 2218 con-

91 2240 274 2289 temnendapotius
283 2251 343 2290 quam
355 2240 457 2278 audienda
465 2246 520 2278 sunt.
533 2241 586 2278 Nam
593 2248 741 2291 praeterquam
748 2241 784 2279 vix
795 2253 836 2278 non
848 2253 903 2278 vana

91 2308 140 2341 sunt
150 2301 268 2351 hujusmodi
286 2301 360 2345 dubia,
377 2301 445 2339 minus
462 2303 539 2339 malum
552 2308 598 2345 est,
616 2302 669 2351 quod
681 2302 735 2340 forte
748 2301 822 2339 dubius
841 2314 901 2341 scru-

92 2365 177 2414 pulosus
194 2368 281 2413 peccata
300 2362 400 2413 quaedam
421 2362 516 2406 omittat,
534 2374 593 2412 quam
611 2369 634 2400 ut
652 2370 753 2413 perpetuo
764 2369 853 2401 voretur
867 2375 902 2401 an·

91 2426 184 2470 rietate,
201 2425 293 2474 seipsum
305 2430 326 2461 et
338 2423 480 2462 confessarios
488 2423 572 2475 jugiter
584 2423 699 2475 defatiget,
717 2437 814 2462 moerore
827 2425 902 2463 obrua-

91 2494 140 2531 tur,
157 2498 232 2524 sensus
252 2492 273 2524 et
290 2485 374 2524 cerebri
391 2485 507 2536 perieulum
527 2485 607 2523 subeat.
627 2484 705 2534 Quodsi
718 2497 768 2523 vero
780 2485 875 2524 homines
892 2499 904 2523 a

92 2555 141 2586 nota
160 2548 273 2586 anxietatis
288 2547 390 2585 immunes
408 2547 479 2585 taliter
492 2546 593 2593 dubitant,
611 2558 761 2596 saepenumero
775 2559 800 2585 ex
812 2560 903 2586 commu-

93 2635 287 2644 ——.--.—-—..

116 2676 132 2719 l)
142 2679 162 2712 S.
172 2679 249 2722 August
258 2678 337 2719 Euchir,
348 2688 364 2712 c.
375 2680 405 2713 78.
423 2698 447 2702 —
464 2681 479 2719 ²]
489 2678 601 2723 Propositio
611 2679 765 2723 pseudo-simodi
775 2679 904 2714 Pistoriensis

142 2727 165 2759 de
175 2731 301 2770 peecatorum
311 2727 413 2762 venialium
423 2728 556 2769 confessione,
571 2737 627 2772 quam
637 2732 705 2771 optare
713 2738 735 2761 se
745 2728 782 2770 ait,
795 2739 833 2762 non
841 2733 904 2762 tanto·

142 2783 188 2816 pere
197 2777 323 2819 frequentari,
332 2785 356 2810 ne
365 2778 443 2811 nimium
454 2776 609 2820 contemptibiles
619 2777 724 2811 reddantur
736 2778 849 2819 hujusmodi
859 2787 903 2811 eon-

142 2822 250 2866 essiones,
260 2829 357 2869 tamquam
367 2825 479 2867 temeraria,
488 2826 603 2869 perniciosa,
614 2831 726 2861 sanctorum
736 2836 758 2860 ao
766 2826 841 2870 piorum
850 2825 904 2869 praxi

143 2880 154 2902 a
171 2881 187 2903 s.
198 2872 285 2907 concilio
300 2874 411 2908 Tridentino
424 2874 507 2918 probata
521 2875 617 2908 contraria
631 2875 756 2909 condemnata
766 2875 860 2909 escario
870 2874 903 2906 vl.

141 2918 164 2952 P.
175 2922 282 2954 anteriorem
290 2925 344 2960 fidele
353 2925 383 2957 28.
391 2924 441 2965 Aug.
452 2924 505 2957 179'4.
515 2933 534 2957 n.
544 2925 574 2957 39.
