2017 3193
832 114 862 156 45

60 250 144 285 sanctae
157 237 251 286 amplexu
263 234 356 282 repellat.
370 229 410 278 Qui
422 229 475 266 enim
487 242 558 267 veram
570 243 622 282 erga
633 231 702 268 Deum
714 234 735 266 et
746 228 862 278 proximum

61 304 181 346 charitatem
193 297 249 335 serio
262 290 440 339 semeteoneepit‚
454 296 474 327 et
485 291 553 336 finem,
566 304 625 341 quem
644 292 715 336 debet,
732 290 772 327 sibi
786 302 861 340 propo-

59 369 120 405 situm
132 361 206 405 habet,
226 358 250 397 ad
263 356 405 395 confessiones
424 350 527 389 honrinum
545 354 682 399 rusticorum,
701 352 784 390 rudium
800 357 861 401 atque

59 424 181 476 simplicium
194 419 326 470 excipiendas
345 425 409 465 aeque
424 419 520 463 paratum
535 421 689 466 promptumque
706 428 729 453 se
748 413 861 457 exhibebit,

59 503 82 528 ac
95 486 173 537 quando
184 494 322 534 personarum
337 475 435 517 nobilium
453 481 473 513 et
487 475 643 513 honoratiorem
662 478 807 515 confessiones
826 488 861 512 ex-

58 548 163 599 cipiendae
175 546 250 584 forent.
267 544 319 581 'Nam
331 545 353 578 ut
366 544 455 582 taceam,
469 549 522 583 euin,
540 536 575 574 ubi
586 537 652 586 ipsius
664 539 753 587 partium
769 537 861 577 studium

57 609 177 654 innotuerit,
190 619 254 659 aegre
267 605 352 642 afficere
363 598 462 648 reliquos,
475 598 569 637 convicia
581 598 621 636 sibi
634 599 771 645 contrahere,
786 601 828 638 ime
840 599 861 636 in

58 671 196 721 suspicionem
207 670 325 707 incurrere,
344 660 399 699 acsi
417 660 484 698 minus
502 673 554 711 pura
572 660 592 697 in
609 660 756 698 confessionali
774 661 861 700 consilia

58 735 136 778 foveae
149 727 272 771 meamnerit,
285 735 369 774 quaeso,
388 722 440 772 quod
461 723 501 760 Dei
520 722 672 771 beneplacitum
692 722 806 760 animarum
827 736 860 760 sa-

57 796 88 832 tus
110 800 130 831 et
148 791 226 843 proprii
243 785 314 824 meriti
336 790 469 835 augmentum
488 785 512 822 ob
531 784 668 822 sinceriorem
688 783 822 826 intentionem
841 790 861 821 et

58 855 216 908 generosiorem
241 848 274 886 sui
293 846 406 885 victoriam
434 847 497 884 nmlto
520 845 625 895 copiosius
650 845 778 891 obtineatur3
807 846 860 894 ipse·

58 931 96 968 11111
121 911 262 954 confessarius
282 915 323 946 tum
343 909 422 952 Deum,
441 907 499 956 eujus
518 913 550 945 est
568 920 613 946 cum
636 907 763 957 simplicibus
782 919 861 944 sermo-

58 978 139 1021 cinatio,
152 980 204 1012 teste
218 971 330 1009 Salonione
340 967 371 1017 ¹),
391 975 433 1006 tum
446 969 566 1013 Christum,
583 969 617 1019 qui
628 982 665 1018 pro
679 969 773 1006 omnibus
787 980 861 1017 aequa·

57 1041 104 1077 liter
116 1042 208 1074 mortuus
221 1038 260 1077 est,
273 1031 388 1081 perfectius
400 1031 500 1069 imitetur.
512 1030 589 1068 hierita
602 1043 653 1081 ergo
663 1030 814 1074 confessarius,
827 1029 862 1079 qui

58 1096 180 1148 ejusmodiin
186 1107 209 1132 se
215 1093 346 1131 aversionem
352 1105 404 1143 erga
409 1092 506 1138 incultos,
515 1097 535 1129 et
542 1104 645 1142 pauperes
653 1104 755 1141 personas
761 1091 860 1135 senserit,

56 1161 111 1197 illam
119 1157 158 1194 sibi
166 1156 188 1194 S.
200 1155 276 1193 Jacobi
284 1154 450 1191 exhortationem
462 1154 585 1204 applicabit:
599 1156 698 1192 „Fratres
707 1153 754 1197 mei,
762 1153 825 1191 nolite
840 1152 861 1188 in

56 1213 860 1269 personarumacceptionehaberefidemDomininostriJesuiilrristigloriae¹

55 1279 143 1317 Etiamsi
154 1277 261 1315 introierit
271 1277 291 1314 in
305 1282 428 1315 conventum
438 1279 485 1325 (aut
493 1276 658 1324 confessionale]
667 1281 762 1313 vestrum
775 1287 861 1313 aureum

56 1340 151 1378 anrmlum
163 1339 241 1377 habens
253 1338 273 1375 111
285 1344 344 1376 veste
358 1338 450 1383 candida,
462 1338 568 1376 introierit
580 1344 648 1376 autem
661 1343 681 1375 ct
692 1350 771 1387 pauper
782 1338 803 1375 in
815 1349 860 1373 sor·

28 1441 30 1443 ,
56 1402 100 1439 dido
112 1400 193 1445 habitu,
210 1407 230 1438 et
241 1400 354 1438 intendatis
365 1400 386 1437 in
399 1413 455 1445 eum,
472 1400 506 1450 qui
521 1400 604 1437 indutus
621 1407 653 1437 est
668 1405 727 1436 veste
743 1400 860 1449 praeclara,

56 1469 76 1500 et
84 1462 177 1499 dixeritis
186 1462 215 1499 ei:
227 1463 260 1499 Tu
268 1462 317 1499 sede
325 1461 358 1500 hic
366 1463 429 1506 bene3
441 1462 528 1511 pauperi
536 1467 604 1499 autem
609 1461 714 1499 dixeritis:
727 1462 759 1498 Tu
767 1467 800 1498 sta
806 1460 860 1504 illic,

56 1530 90 1560 aut
107 1523 155 1560 sede
174 1524 211 1560 sub
231 1523 321 1561 scabello
339 1523 413 1572 pedum
430 1536 530 1568 meorum,
542 1535 609 1560 nonne
632 1522 731 1571 judicatis
747 1523 860 1572 1111111108-

55 1583 164 1633 metipsos,
187 1591 208 1622 et
229 1584 279 1622 facti
295 1584 346 1621 estis
361 1584 444 1633 judices
468 1584 618 1636 cogitationum
636 1585 764 1634 iniquarum?
785 1583 861 1622 Audite

55 1644 131 1682 fratres
143 1646 184 1683 mei
196 1645 338 1691 dilectissimi,
355 1658 421 1683 noune
433 1647 491 1683 Deus
504 1646 570 1697 elegit
591 1656 695 1696 pauperes
713 1645 734 1682 in
749 1645 788 1683 hoe
803 1657 860 1683 1111111-

55 1706 85 1751 do,
102 1706 176 1743 divites
194 1707 215 1743 in
229 1706 269 1744 lide
290 1713 311 1744 et
327 1706 431 1745 haeredes
446 1708 516 1759 regni,
530 1707 582 1756 qarod
601 1708 659 1745 Deus
677 1707 799 1756 repromisit
817 1706 860 1743 dili-

55 1767 151 1817 gentibus
176 1766 252 1815 se''²]?
276 1767 299 1805 S;
318 1769 442 1807 Ambrosius
465 1769 488 1806 de
511 1769 621 1807 Salvatore
640 1768 777 1806 'sanctissimo
807 1766 860 1805 scri·

54 1828 92 1865 bit:
106 1829 149 1866 „Iti
161 1829 227 1866 noluit
245 1842 344 1880 pergere,
359 1843 384 1868 ne
400 1830 421 1867 111
442 1831 520 1881 Reguli
536 1830 578 1867 filio
597 1830 704 1868 videretur
723 1830 791 1881 inagis
810 1827 860 1867 divi-

55 1889 88 1926 tiis
106 1889 216 1935 detulisse,
235 1890 268 1928 hie
283 1891 328 1940 ipse
344 1892 448 1941 perrexit,
466 1904 491 1929 ne
510 1892 617 1929 videretur
638 1892 658 1929 in
675 1891 808 1929 Centurionis
829 1890 859 1928 ia·

54 1950 107 1987 mulo
121 1951 258 1989 conditionem
270 1951 393 2002 despexisse
406 1953 517 1991 servilem⁹⁷
526 1950 552 2000 ³).
573 1952 612 1991 „Si
627 1953 681 1991 enim
698 1952 782 1990 divitem
796 1952 859 1990 hono·

54 2022 97 2055 ras,
109 2018 195 2061 propter
208 2024 320 2062 personam
331 2014 398 2064 ipsius
410 2014 500 2052 honoras·
513 2026 566 2059 euni,
579 2014 598 2051 si
610 2021 678 2052 antem
694 2026 807 2063 pauperem
825 2012 861 2050 ho·

54 2082 116 2109 noras
128 2079 214 2123 propter
225 2086 336 2124 personam
349 2075 441 2114 euristr'
452 2073 478 2123 Ἴ.
498 2075 537 2124 Qui
549 2088 588 2113 non
602 2076 684 2126 quaerit
701 2075 742 2122 nisi
756 2077 824 2113 Deum
841 2079 862 2112 et

54 2133 168 2171 animarum
187 2136 285 2180 salutem,
306 2137 475 2187 quemadmodum
494 2137 531 2175 has
551 2150 622 2175 ornnes
641 2137 756 2187 aequaliter
776 2143 797 2175 et
816 2136 861 2173 sine

54 2193 172 2234 discrimine
185 2204 240 2235 arnat
258 2204 279 2236 et
294 2199 319 2237 ad
335 2200 423 2238 salutem
440 2199 543 2238 adducere
563 2199 631 2250 cupit,
648 2200 677 2238 ita
692 2212 764 2237 orirrtes
781 2198 862 2249 aequali

54 2257 204 2305 complectetur
227 2271 277 2297 eura
300 2267 320 2298 et
341 2261 479 2299 solicitudine.
501 2261 651 2310 „Sapientibus
673 2266 693 2297 et
714 2260 860 2310 insipientibus

54 2316 134 2356 debitor
148 2331 203 2365 sum;
216 2333 256 2359 non
269 2328 302 2360 est
314 2323 407 2373 acceptio
419 2334 557 2372 personarum
570 2323 623 2372 apud
633 2324 716 2361 Deum„
725 2319 750 2369 ᾗ).
763 2345 792 2349 ——
803 2320 861 2359 nint-

54 2377 140 2417 lominus
153 2387 220 2420 tamen
233 2382 257 2421 ob
270 2383 399 2436 singularem
410 2384 536 2434 poenitentis
544 2383 633 2422 indolem
642 2390 662 2422 et
670 2396 735 2434 spem,
748 2383 861 2423 seeundum

54 2441 145 2480 ordinem
157 2444 281 2491 charitatis,
300 2447 330 2485 ita
341 2447 412 2486 licebit
423 2447 506 2498 saepius
519 2446 581 2485 alium
598 2460 649 2497 prae
665 2446 711 2484 aliis
729 2460 816 2492 curare,
831 2446 862 2483 uti

53 2502 117 2542 ¹lesus
130 2505 227 2546 Christus
239 2520 276 2559 pro
290 2510 408 2550 erudiendis
420 2510 528 2561 discipulis
540 2510 586 2561 plus
599 2509 700 2561 temporis
712 2509 818 2560 impendit,
837 2521 861 2547 ac

53 2576 90 2613 pro
102 2568 183 2620 reliqua
194 2570 331 2612 multitudine.

53 2654 233 2669 ’,Ἠ

78 2703 92 2742 ¹)
102 2702 160 2737 Prov.
170 2705 203 2739 ΙΙΙ,
213 2708 243 2741 32.
258 2725 283 2730 -
295 2709 311 2748 2)
322 2707 368 2751 eap,
376 2708 401 2741 Il>
412 2709 466 2742 1—5.
473 2728 497 2732 -
512 2710 528 2750 3)
538 2709 558 2741 In
566 2708 706 2751 Evangqtoan.
714 2708 794 2748 ltu-t)
804 2707 858 2739 nun.

102 2751 160 2795 [iper.
171 2754 244 2799 imperf,
256 2757 306 2790 hom.
316 2758 345 2790 82.
354 2777 378 2781 —
388 2759 403 2798 1)
413 2758 468 2790 Rern.
477 2759 491 2791 1.
503 2759 530 2790 11.
539 2758 563 2790 ll.
575 2760 603 2790 tl.
