2017 3193
853 120 898 166 305

91 246 145 296 Quot
156 237 209 281 enim
222 235 303 285 dantur,
321 246 342 278 ut
354 241 447 290 exemplo
459 245 514 284 utar,
532 235 565 289 qui
578 253 603 277 ex
614 239 706 290 integris
720 237 897 293 anuismollitiei,

91 303 194 348 ebrietati,
202 302 292 350 injustae
304 315 374 341 rerum
387 300 520 350 acquisitioni
532 300 619 350 aliisque
627 301 684 337 vitiis
696 300 816 349 indulgent!
829 297 897 346 Quan-

90 375 131 412 tum
146 364 212 415 igitur
230 363 250 400 ia
270 364 418 413 rempublicam
441 361 577 398 christianam
600 361 757 405 detrimentum,
782 366 802 397 ct
821 366 898 409 quanta

88 429 108 465 in
130 424 270 473 nosmetipsos
285 425 373 462 materia
392 420 570 462 condemnationis
588 421 721 465 redundabit,
740 421 758 458 si
778 422 831 459 tales
850 420 898 458 dum

89 485 242 526 conlessionale
261 485 378 529 accedunt,
406 483 439 520 vel
464 493 502 530 per
523 479 656 518 inhumanum
681 482 775 532 rigorem
801 483 897 520 deterre-

88 558 143 590 muS,
161 547 194 583 vel
205 559 242 595 per
254 546 336 583 nimiam
349 544 471 582 facilitatem
483 541 581 585 vulnera,
599 542 672 590 quibus
685 542 764 578 mederi
776 544 896 591 oportebat,

87 606 184 644 saeviora
196 613 217 644 et
227 606 351 645 incurabilia
363 604 479 642 reddimus!
498 601 587 646 Contra,
605 602 624 638 si
634 601 695 649 hujus
708 603 794 652 generis
807 604 896 641 miseros

87 680 124 717 pro
136 668 215 705 viribus
229 668 253 705 ad
266 667 350 717 frugem
362 664 470 702 meliorem
482 662 607 711 disponere,
626 662 780 711 dispositosque
793 675 839 701 cum
850 665 895 700 Deo

86 729 225 771 reconciliare
234 728 359 778 satagimus,
372 737 432 775 quam
445 729 552 772 acceptam
566 730 586 760 et
597 723 712 773 proficuam
725 735 810 771 operam
823 724 896 761 exinde

87 796 129 826 tum
141 789 180 839 ipsi
192 790 250 827 hiscc
262 787 377 837 deperditis
390 784 488 829 oviculis,
507 790 549 821 tum
567 785 643 833 optirrro
658 784 744 821 Pastori
760 796 837 822 navare
850 797 897 834 pos-

87 862 165 887 sumus.
183 853 210 887 Et
222 850 269 899 quid
281 854 375 885 nestram
388 852 477 883 nrerrtem
493 845 600 893 aliquando
617 845 685 895 magis
701 846 818 890 recreabit,
837 858 897 895 quam

87 911 217 955 recordatio,
236 910 314 946 fratres
327 914 412 944 nostros
424 912 498 943 nostra
510 917 574 954 opera
586 912 672 943 aeterno
686 906 766 944 excidio
779 913 864 956 ereptos
877 913 897 943 et

86 971 148 1008 saluti
156 971 242 1019 janrjarrr
255 970 379 1018 desperatae
391 967 501 1004 restitutos
515 966 580 1004 fuisse
592 965 624 1013 ¹)?

160 1031 230 1079 Quare
245 1041 318 1073 unum,
336 1029 388 1077 quod
404 1033 512 1077 superest,
531 1027 624 1076 quodque
637 1027 681 1064 siue
694 1027 851 1065 intermissione
863 1040 897 1065 ro·

86 1103 171 1142 gaurus,
188 1090 238 1128 illud
250 1095 293 1134 est,
311 1101 335 1125 ne
348 1088 476 1137 praecipites
488 1087 553 1124 sanus
565 1088 586 1125 iu
599 1088 685 1125 ferendo
698 1088 777 1136 judicio
790 1089 896 1138 poeniten-

86 1157 126 1188 tem
145 1150 294 1189 sacramentali
311 1149 418 1200 iudignum
437 1161 484 1186 esse
503 1148 587 1199 gratia3
607 1161 658 1186 neve
676 1161 764 1198 unquam
779 1149 897 1198 hujusmodi

81 1207 182 1258 judicium
195 1207 298 1254 feraruus',
316 1215 426 1260 autequam
439 1221 530 1253 omnem,
548 1221 600 1258 quae
618 1210 638 1246 in
657 1209 737 1247 viribus
755 1211 835 1248 nostris
854 1216 896 1254 est,

85 1283 169 1320 operam
182 1271 337 1310 eliudastriam
351 1270 515 1314 adhibuerimus,
533 1281 572 1318 qua
591 1270 674 1308 scilicet
691 1270 800 1320 poenitens
820 1271 896 1321 dignus

85 1332 220 1381 absolutione
228 1332 275 1370 fieri
287 1337 349 1381 queat
358 1330 383 1378 ²).
402 1331 460 1379 Quod
479 1329 571 1368 officium
587 1331 718 1369 confessario
734 1337 783 1370 tunc
800 1332 895 1381 inprimis

84 1392 194 1438 incumbit,
213 1392 246 1430 ubi
265 1391 376 1430 timendum
395 1392 470 1437 instat,
488 1403 512 1427 ne
531 1390 577 1429 siue
596 1391 726 1429 absolutionc
740 1391 838 1429 dimissus
852 1404 894 1428 am-

84 1453 137 1505 plius
150 1454 174 1492 ad
187 1453 340 1492 confessarium
352 1452 430 1502 ipsum,
444 1452 546 1500 aliumque
559 1452 639 1490 redeat.
656 1452 711 1491 Hinc
725 1452 833 1490 dumnrcdo
846 1465 894 1501 spes

84 1514 126 1551 ulla
137 1514 239 1564 supersit,
257 1514 401 1552 confessarius
414 1513 533 1556 adlaboret,
551 1519 572 1550 et
587 1525 638 1562 quos
655 1513 721 1551 minus
735 1513 848 1563 dispositos
862 1526 895 1550 ar-

84 1575 182 1620 bitratur,
194 1576 291 1625 prudenti
303 1575 402 1625 suavique
416 1573 492 1626 agendi
504 1573 585 1611 ratione
598 1574 703 1624 disponat,
716 1586 801 1625 eosque,
814 1575 896 1613 nonnisi

84 1636 138 1674 cmm
151 1638 217 1688 quoad
229 1637 318 1676 nraxime
330 1636 376 1674 heri
388 1636 455 1687 potuit
467 1648 531 1687 opera
544 1635 658 1681 frustrata,
672 1636 768 1674 dimittat.

202 1756 357 1812 disolationis
373 1756 549 1813 sacramentalis
563 1756 637 1812 lcrara
651 1762 672 1811 el
686 1773 777 1811 sensas.

157 1858 175 1912 ξ.
188 1856 239 1899 207.
257 1862 334 1897 Forma
348 1859 368 1897 iu
385 1859 516 1897 absolutione
532 1858 627 1897 adhiberi
644 1859 719 1903 solita,
737 1859 859 1910 plerumque
875 1861 895 1898 iu

82 1920 200 1959 Ritualibus
212 1921 372 1970 praescribitur.
391 1921 496 1959 Videlicet
508 1920 652 1958 confessarius
668 1927 715 1958 ante
732 1922 895 1970 confessionem,

83 1980 102 2017 si
112 1982 221 2030 poenitens
232 1981 398 2020 benedictionem
411 1981 523 2031 petiverit,
532 1981 598 2020 dicto:
617 1980 742 2029 „Dominus
753 1986 785 2021 sit
794 1983 818 2020 in
830 1983 896 2021 corde

83 2044 131 2091 tac,
150 2046 172 2081 et
187 2042 253 2081 tabiis
272 2046 327 2092 tuis,
345 2047 371 2082 ot
386 2044 449 2092 etipse
467 2046 488 2081 el
499 2046 646 2092 correpetenter
658 2044 786 2093 confitearis
802 2048 895 2094 peccata

83 2105 132 2151 tica,
150 2106 173 2141 tn
187 2106 274 2142 ricrnine
285 2103 365 2141 Petris
380 2107 402 2142 et
412 2102 465 2145 Filii
484 2106 505 2142 et
516 2100 618 2153 Spiritus
630 2102 716 2142 Soracti.
732 2104 829 2151 Atrrert“;
846 2112 900 2155 post¹

83 2163 235 2202 confessionem
253 2164 379 2213 poenitentis
395 2164 533 2202 admonitione
550 2164 605 2202 facta
621 2172 642 2203 ct
656 2165 783 2214 poenitentia
794 2167 892 2215 imposita

82 2224 146 2262 dicat:
165 2223 318 2273 „Misereottcr
330 2228 362 2262 tici
374 2228 511 2276 ctrcnipoteas
522 2223 585 2263 Deae
597 2229 619 2264 et
629 2226 727 2264 ctirrcissis
736 2230 835 2275 peccetis
848 2229 892 2265 teis

79 2285 191 2335 perducet
201 2290 221 2324 te
233 2286 263 2324 ed
272 2288 339 2324 eitam
352 2290 472 2325 aeternam.
484 2285 561 2324 Arnen.
574 2309 604 2314 —
616 2286 787 2334 Inctntqeatimn,
801 2287 892 2326 casote-

82 2349 163 2385 tionem
166 2376 174 2397 ,
193 2351 215 2385 et
225 2349 378 2385 rescissionem
387 2351 532 2398 peccatoram
544 2350 634 2385 lucrina
646 2347 731 2385 tribuat
742 2349 781 2386 titi
794 2352 891 2400 orrinipo-

82 2410 129 2445 teas
147 2412 169 2447 et
185 2411 313 2447 misericors
331 2406 447 2446 Desitiates.
466 2407 543 2446 Anien.
562 2431 591 2436 -
608 2407 719 2446 Desitiates
731 2414 808 2449 rioster·
821 2408 893 2449 Jeszcs

84 2466 188 2509 Olcristus
201 2474 221 2509 te
233 2469 342 2519 absolvet,
356 2473 378 2508 et
388 2482 424 2519 epo
439 2471 572 2508 {erectoritate
583 2469 645 2508 itlius
658 2469 748 2508 {obsoleo
762 2475 782 2510 te
795 2472 822 2510 ab
835 2474 893 2510 ouem'

80 2529 166 2569 vinculo
178 2532 426 2581 eecerarncaicctionts,
444 2527 608 2581 suspensionis,
622 2534 644 2568 et
654 2532 776 2583 interdicti,
790 2536 812 2571 in
824 2546 892 2585 praca-

81 2592 127 2628 tum
136 2604 241 2643 possenti,
260 2596 282 2632 et
292 2595 316 2631 tc
326 2593 417 2642 indiges.
435 2592 516 2630 Deinde
526 2589 555 2639 ²³]:
572 2591 621 2645 Epo
635 2595 655 2631 te
668 2592 757 2632 (abactio
771 2608 784 2632 a
794 2597 893 2646 pecccatis

88 2659 277 2669 -x—

106 2685 120 2722 ¹]
130 2684 171 2763 t(lita.
186 2687 247 2731 Staps.
258 2688 352 2731 Theolog.
368 2699 416 2722 mor.
430 2708 452 2712 -
467 2690 482 2728 2)
497 2669 536 2720 Gir.
551 2688 615 2722 Sailer
628 2690 652 2722 ll.
666 2675 728 2733 Rip.
740 2690 891 2724 355.Past01·al-

130 2734 891 2828 racemierasistisitttrtta?{iactastis

133 2831 227 2864 nonnullis
238 2833 353 2868 editionibus
363 2835 439 2868 ritualis
453 2834 526 2868 romani
540 2835 599 2868 rubro
609 2836 635 2868 sit
645 2837 758 2869 charactere
767 2838 891 2879 impressum,

130 2877 153 2909 ad
167 2878 246 2918 formam
262 2886 324 2916 taurea
339 2884 432 2928 iat-egram
446 2887 528 2927 spectac
545 2884 565 2916 S,
582 2885 604 2917 R.
616 2885 637 2917 C.
654 2888 681 2918 11.
692 2886 750 2918 Mart.
766 2887 811 2918 1837
826 2889 845 2917 et
860 2886 890 2917 27.

128 2925 185 2960 Febr.
200 2928 252 2961 18'47.

124 3006 126 3008 >
714 2981 744 3024 20
