2056 3193
147 75 192 121 252

147 185 229 236 pientcr
242 184 374 234 disponamus
386 185 507 233 praesentia
517 191 602 229 nostra,
621 184 765 235 recogitemus
782 186 803 225 in
819 185 956 225 amaritudine

148 247 229 286 animae
252 251 338 284 nostrae
355 245 485 295 praeterita,
508 245 581 283 futura
597 257 677 296 quoque
694 247 784 287 sollicite
801 247 954 299 provideamus.

149 310 171 348 S.
184 307 310 346 Franciscus
323 307 420 345 Salesius
433 306 587 345 similitudinem
601 307 625 345 ab
636 307 747 358 horologio
759 310 843 358 repetit,
856 308 907 361 quod
915 321 955 347 non

148 376 227 409 tantum
238 380 276 418 per
288 368 384 420 singulos
397 369 440 406 dies
453 368 477 406 de
489 380 542 406 novo
555 368 634 407 intendi
645 368 709 414 solet,
728 368 813 419 suisque
830 370 956 420 ponderibus

147 429 243 475 restitui,
262 429 298 467 sed
317 430 382 467 semel
401 430 476 467 saltem
491 442 530 479 per
549 442 624 467 annum
637 429 734 474 dissolvi,
752 435 775 466 ut
787 442 878 482 aerugo,
897 444 957 483 quam

148 493 202 530 torte
216 491 330 536 contraxit,
350 491 440 536 auferri,
458 498 479 529 et
491 491 628 536 ferramenta,
646 491 665 528 si
680 491 751 528 laxata
762 491 796 528 vel
808 493 906 531 continuo
917 506 957 532 usu

148 552 225 591 detrita
236 552 327 598 suerint,
344 552 464 590 restaurari
475 558 557 601 queant.
574 552 625 589 Pari
637 551 707 597 modo,
719 551 794 602 inquit,
812 558 832 590 et
847 564 885 591 nos
896 567 957 603 prae·

148 622 181 651 101
194 613 296 651 exercitia
308 613 438 668 quotidiana,
454 613 518 650 semel
530 613 605 650 saltem
616 624 653 662 per
667 625 740 651 annum
754 625 790 650 001
801 619 896 651 nostrum
908 615 955 654 inti·

146 675 200 713 mius
212 675 352 727 perscrutari,
364 675 467 724 appetitus
479 680 499 711 01
511 674 599 712 affectus
610 673 665 711 illius
678 673 798 713 adcuratius
809 674 922 723 inspicere,
935 683 956 715 et

148 736 246 786 quidquid
256 736 286 773 ibi
301 735 392 774 hiulcum
403 735 436 772 vel
450 740 571 783 corruptum
583 735 737 780 invenerimus,
753 747 854 785 reparare
866 742 954 785 oportet.

148 797 218 846 Quare
231 803 315 846 exoptat
326 797 349 834 S.
361 797 431 834 Mater
442 796 550 841 Ecclesia,
568 796 608 834 imo
620 797 734 846 propositis
745 796 881 848 indulgentiis
893 796 955 841 eliam

148 858 213 896 allicit
229 857 255 905 ¹],
272 864 302 902 ut,
315 857 366 907 quod
380 871 391 895 a
403 856 487 896 clericis
500 864 521 895 et
533 858 678 897 sacerdotibus
688 851 815 907 praesertim
827 858 871 904 fiat,
883 871 895 896 a
905 858 954 896 reli·

148 919 192 970 quis
205 931 285 969 quoque
302 919 397 957 fidelibus
408 918 537 957 instituatur.

148 1028 168 1060 S.
179 1028 281 1066 Martinus,
295 1037 332 1070 quo
346 1027 412 1060 utilius
426 1027 481 1060 saluti
495 1028 627 1070 proximorum
641 1031 731 1067 vacaret,
746 1027 823 1061 solebat
839 1028 862 1060 ad
878 1031 955 1070 tempus

171 1077 190 1109 11
203 1075 326 1115 coenobium,
343 1076 385 1109 urbi
400 1078 508 1109 Turonicae
521 1075 615 1115 vicinum,
634 1076 763 1113 meditationis
781 1085 839 1109 causa
852 1077 955 1117 secedere,

172 1124 195 1157 ab
210 1125 259 1157 omni
272 1124 328 1157 turba
343 1128 362 1157 et
375 1124 456 1167 strepitu
470 1134 535 1157 rerum
549 1125 684 1167 temporalium
698 1129 793 1158 secretus.
811 1125 831 1158 S.
846 1126 956 1163 Aacqastioos

172 1172 259 1206 alienatis
273 1182 284 1204 a
297 1182 318 1206 se
333 1171 385 1205 curis
399 1173 527 1212 secularibus,
540 1175 583 1206 Deo
598 1183 640 1206 eum
654 1173 684 1213 iis,
699 1174 730 1216 qui
744 1173 805 1206 eidem
820 1173 955 1215 adhaerebant,

171 1221 257 1262 vivebat,
268 1221 353 1262 jejuniis,
367 1221 486 1255 orationibus
500 1221 593 1264 bonisque
608 1221 709 1265 operibus,
723 1222 740 1255 in
754 1221 798 1265 lege
811 1222 847 1255 Dei
862 1222 956 1256 meditans

172 1272 202 1304 die
216 1280 238 1304 ac
250 1274 314 1303 nocte.
330 1271 384 1304 „Hoc
398 1280 427 1303 me
442 1271 535 1310 delectat,
549 1271 584 1310 ait,
599 1271 653 1303 atah
667 1270 754 1303 omnibus
768 1270 874 1303 actionibus
888 1280 957 1304 neces-

143 1325 147 1332 ·
171 1318 241 1358 sitatis,
256 1327 313 1358 quum
327 1319 411 1351 relaxari
425 1328 510 1361 possum,
525 1320 547 1351 ad
561 1319 617 1351 istam
631 1318 748 1360 voluptatem
762 1319 845 1357 10111110.
858 1319 924 1361 Neque
938 1320 956 1352 in

171 1367 201 1400 bis
215 1366 310 1407 omnibus,
325 1376 373 1410 quae
383 1376 477 1410 percurro
488 1367 589 1401 consulens
600 1371 626 1408 te,
640 1367 715 1401 invenio
729 1367 868 1400 111111111001111
883 1367 956 1402 animae

171 1425 237 1456 meae,
250 1416 285 1448 nisi
300 1416 316 1448 in
331 1420 357 1456 te,
372 1426 409 1459 quo
424 1416 538 1459 colligantur
552 1426 620 1459 sparsa
633 1426 686 1456 mea,
700 1425 736 1449 nee
750 1426 761 1448 a
773 1420 793 1450 tc
807 1415 908 1459 quidquam
922 1410 957 1451 're-=

171 1465 228 1498 cedat
242 1474 265 1498 ex
279 1465 321 1497 rne“
330 1468 353 1504 2).
381 1466 402 1498 S.
417 1466 493 1497 eurotas
506 1467 630 1497 Borromueus
643 1465 673 1497 bis
687 1465 757 1498 saltem
771 1464 851 1502 0111111ῑο
865 1465 918 1497 annis
933 1464 955 1498 ab

170 1513 218 1546 urbe
233 1512 356 1554 discedebat,
374 1522 434 1557 seque
448 1513 465 1547 in
479 1514 559 1546 remotis
573 1513 692 1546 solitariisve
705 1513 754 1546 locis
769 1513 872 1554 colligens,
889 1513 956 1556 plures

173 1562 213 1595 dies
231 1566 285 1596 totos
302 1562 325 1595 ab
343 1564 392 1596 omni
410 1562 446 1595 alia
463 1563 588 1605 occupatione
604 1562 663 1601 liber,
681 1566 721 1595 11111
739 1561 846 1604 superioris
863 1562 957 1605 temporis

172 1614 236 1644 errata
251 1610 334 1648 dolebat,
348 1615 387 1644 tum
401 1620 446 1645 sese
461 1611 593 1653 spiritualibus
608 1611 713 1653 divinisque
727 1610 920 1652 contemplationibus
934 1612 957 1645 ad

171 1659 264 1701 majorem
278 1660 400 1693 sanctitatem
414 1660 512 1693 incitabat.
537 1660 584 1693 lnde
600 1660 681 1694 coelesti
699 1659 768 1704 pabulo
788 1659 869 1694 refectis
883 1660 956 1694 animae

170 1709 244 1743 viribus
259 1709 281 1741 ad
296 1719 331 1742 sua
345 1709 442 1742 curricula
456 1719 526 1743 100010
540 1710 649 1753 alacrisque
663 1708 801 1743 descendebat.
816 1709 836 1742 S.
845 1710 957 1742 Frarnciscoe

171 1759 255 1790 Solorius
272 1758 408 1792 exercitiorum
426 1758 554 1802 spiritualium
573 1768 631 1791 causa
652 1758 738 1792 secessit
758 1758 807 1790 omni
827 1767 875 1791 anno
895 1758 958 1792 semel

171 1807 240 1840 saltem
251 1808 274 1841 de
284 1807 364 1851 populo,
378 1812 435 1851 atque
448 1808 506 1841 unico
520 1808 589 1841 salutis
603 1817 650 1842 suae
663 1806 745 1841 vacabat
757 1807 845 1850 negotio,
859 1816 896 1840 non
906 1806 958 1840 aliud

172 1865 252 1895 curans,
266 1866 322 1898 quam
335 1866 359 1890 ne
373 1857 414 1898 qnid
429 1861 507 1899 praeter
521 1857 558 1890 boc
572 1861 656 1890 curaret.
677 1857 696 1888 ln
710 1857 760 1889 buno
774 1859 850 1898 portum
865 1855 919 1898 quasi
934 1865 958 1889 ex

172 1904 230 1938 multa
245 1914 333 1939 carrarum
347 1909 463 1949 tempestate
478 1915 524 1947 ses-e
539 1905 624 1939 contulit.
647 1904 674 1938 lbi
688 1903 805 1939 lectionibus
819 1904 900 1944 divinis,
914 1913 956 1939 ere-

171 1954 211 1988 bris
225 1955 352 1995 orationibus,
367 1955 421 1988 firma
435 1965 541 1998 pressaque
556 1955 658 1989 defuturis
668 1954 785 1998 cogitatione
795 1953 867 1996 didicit,
881 1953 957 1998 qualem

172 2012 202 2045 00,
216 2012 310 2047 egressus
323 2005 374 2045 inde,
389 2003 476 2037 omnibus
490 2003 586 2047 praebuit.

393 2135 735 2220 1110111111

220 2262 238 2317 ξ.
252 2258 303 2303 173.
317 2262 382 2312 Quum
395 2263 466 2308 bomo,
479 2261 513 2313 qui
524 2275 562 2312 per
574 2261 655 2315 aliquod
668 2269 749 2313 tempus
761 2261 833 2313 pravis
846 2260 909 2299 animi
922 2274 957 2301 cu-

147 2326 267 2376 piditatibus
278 2325 363 2364 nimium
374 2325 467 2372 indulsit,
476 2325 587 2363 dominium
599 2325 618 2362 in
631 2326 678 2363 illas
691 2325 780 2369 amittat,
794 2324 819 2362 ad
830 2323 957 2362 emendatio·

148 2400 193 2425 ncm
204 2400 255 2426 vere
267 2388 330 2426 talem
341 2388 464 2437 requiritur,
477 2393 499 2425 ut
511 2387 610 2425 antissam
622 2387 672 2425 illud
685 2386 795 2425 dominium
808 2385 873 2424 denuo
887 2385 957 2436 acqui·

147 2461 196 2487 1010
209 2450 323 2488 adlaboret.
335 2449 406 2487 Media
418 2455 486 2487 autem
499 2449 523 2486 ad
535 2448 589 2487 hunc
601 2449 662 2487 finem
676 2447 776 2487 facientia
788 2454 837 2486 sunt
849 2460 913 2498 opera
925 2449 958 2487 sui

147 2510 214 2561 ipsius
226 2511 371 2563 abnegationis
384 2518 404 2549 et
416 2510 598 2555 mortificationis,
611 2523 662 2561 quae
675 2511 712 2548 sub
725 2509 889 2559 nominejejunii
902 2522 956 2548 com-

147 2570 318 2623 prehenduntur„
329 2571 386 2621 Quae
402 2572 483 2623 quidem
500 2584 538 2622 pro
558 2572 681 2610 diversitate
698 2571 862 2623 indigentiarum
878 2576 899 2609 01
916 2570 956 2610 011-

148 2633 319 2673 cumstantiarum
332 2640 393 2673 sunt:

171 2769 187 2810 1)
196 2765 297 2801 Benedict.
306 2766 358 2800 XIV.
369 2769 397 2801 1o.
406 2768 455 2801 Dec.
467 2766 520 2801 1716.
531 2784 555 2791 ——
564 2764 580 2804 ²)
589 2765 641 2800 Libr.
653 2769 681 2800 lo.
693 2765 748 2801 sons.
759 2766 815 2799 0110.
