2056 3193
149 76 194 122 130

150 193 278 243 culpaveris,
292 191 338 243 quia
349 194 417 229 aarum
429 197 476 230 erat
488 192 547 241 pater
564 192 665 232 adversus
681 191 735 231 filios
748 205 797 231 suos
813 191 873 232 nimis
890 191 955 230 indul·

150 268 212 307 gens,
229 255 338 293 vindictam
355 253 446 291 divinam
462 253 482 291 in
500 267 522 292 se
541 261 562 293 et
579 254 698 292 universam
717 255 816 293 familiam
833 267 891 293 suam
907 266 955 303 pro-

149 317 238 355 vocavit.

259 431 412 492 duacstiones
426 434 452 486 de
466 434 544 498 rporali
557 433 692 503 poenitentis
707 433 845 488 charactere.

225 556 243 609 §.
256 555 292 596 91.
304 559 405 603 Examen,
417 558 470 607 quod
482 558 626 596 confessarius
638 569 684 596 cum
696 558 823 607 poenitente,
836 559 871 596 uhi
883 571 956 597 neees-

148 630 170 654 se
179 617 251 663 fuerit,
263 618 412 655 instituendum
424 617 493 662 habet,
507 619 531 655 ad
539 631 625 667 scopum
631 625 673 657 tam
681 618 828 656 instructionis
840 625 860 655 et
872 620 956 657 medici-

148 690 186 715 nae
198 679 307 727 peccatori
319 678 453 722 adhibendae,
466 689 526 726 quam
539 679 694 729 dignoscendae
706 680 751 727 ejus
770 679 795 716 ad
812 680 894 717 veniam
908 692 956 728 pec-

148 745 243 777 catorum
256 752 268 776 a
278 740 324 776 Deo
337 738 467 776 obtinendam
480 738 622 788 dispositionis
635 740 741 791 dirigitur.
757 739 828 788 Quoad
847 746 956 790 utrumque

147 800 209 838 finem
221 799 365 839 confessarius
377 812 417 837 non
430 799 496 837 salum
513 800 596 851 singula
611 807 699 850 peccata
716 813 779 839 nosse
794 801 867 846 dehet;
884 814 957 840 verum

148 860 211 899 etiam
222 863 351 900 urtioersum
360 862 493 912 poeniteatis
505 862 656 900 characterem
667 860 774 900 πων-11111111
778 890 786 912 ,
802 874 842 901 nec
856 874 896 899 non
908 863 957 900 mali

148 922 240 962 radicem
259 929 280 961 et
298 922 376 960 fontem
393 922 414 960 111
432 922 599 973 praedominanti
616 924 703 974 quadam
725 923 837 974 cupiditate
855 924 957 974 positum;

148 986 246 1024 nanrhac
263 985 343 1023 demum
362 986 446 1023 obtenta
465 985 592 1038 cognitione,
610 986 750 1025 determinare
768 987 853 1037 poterit,
872 986 919 1037 quid
937 993 958 1025 et

150 1048 249 1098 quomodo
262 1060 308 1086 cum
320 1048 446 1097 poenitente,
459 1053 519 1098 quem
531 1048 556 1086 ad
568 1048 674 1087 sincerum
686 1055 707 1087 et
718 1049 794 1087 efficax
806 1048 957 1087 emendationis

149 1116 170 1147 et
180 1110 286 1148 uberioris
303 1109 440 1159 perfectionis
458 1110 548 1148 studium
565 1110 677 1160 perducat,
697 1110 799 1163 agendum
812 1112 846 1148 sit.
865 1111 901 1149 Sic
918 1124 956 1161 pro

148 1171 207 1210 varia
221 1171 297 1209 mentis
313 1171 381 1209 indole
398 1171 480 1209 rescire
495 1178 589 1222 oportet,
608 1184 657 1210 rrum
673 1172 774 1211 confitens
792 1172 901 1211 literarum
914 1173 956 1211 cul-

149 1240 197 1271 tura
207 1234 292 1283 polleat,
311 1245 336 1270 au
347 1245 398 1271 vero
410 1233 438 1271 sit
453 1233 544 1271 incultus
556 1240 617 1284 atque
629 1234 738 1285 ignorans.
757 1233 781 1271 Si
795 1234 894 1285 primum;
909 1247 957 1272 1111111

149 1295 203 1333 sciat
221 1295 324 1332 veritates
341 1295 463 1346 religiosas,
482 1307 520 1334 nec
532 1307 568 1341 ne,
584 1308 609 1333 an
626 1308 662 1334 eas
678 1295 796 1341 addubitet,
813 1297 834 1333 in
849 1296 875 1333 iis
890 1302 956 1341 ructet,

149 1368 262 1406 earumque
274 1355 396 1393 indifferens
408 1356 442 1394 sit.
456 1355 480 1394 Si
492 1357 591 1403 alterum3
607 1368 632 1394 an
647 1356 699 1395 haec
711 1357 831 1408 ignorantia
843 1357 871 1395 sit
887 1357 957 1406 culpa-

148 1417 196 1454 bilis
212 1417 246 1454 vel
263 1417 376 1465 inculpata,
395 1428 443 1454 num
459 1424 557 1455 versetur
570 1417 627 1455 circa
642 1417 763 1455 essentialia
777 1418 885 1456 doetrinae
902 1417 956 1456 cliri-

149 1478 237 1523 stianae,
248 1479 283 1515 vel
295 1477 444 1523 accidentalia,
457 1478 515 1516 cirea
530 1484 617 1515 externa
631 1478 748 1529 Religionis
764 1479 866 1517 exercitia
882 1479 915 1515 vel
926 1478 956 1515 in·

149 1545 210 1576 terna
221 1538 270 1576 fidei
281 1538 392 1588 dogmata?
404 1560 433 1565 -
444 1539 486 1575 Pro
497 1539 557 1576 varia
569 1539 701 1577 affectionum
713 1539 781 1576 indole
794 1540 846 1577 aliae
865 1545 913 1576 sunt
926 1539 956 1576 in-

150 1599 286 1643 structiones,
299 1599 317 1635 si
327 1599 436 1647 poenitens
448 1600 556 1647 praeditus
563 1599 591 1636 sit
601 1599 668 1637 animo
680 1606 824 1648 torpescente,
836 1601 899 1644 lento,
911 1600 957 1637 rudi

149 1659 183 1696 vel
195 1660 253 1704 duro,
265 1659 326 1708 idque
339 1666 374 1697 aut
386 1672 411 1696 ex
423 1659 493 1696 nativa
505 1660 568 1697 animi
579 1660 659 1705 indole,
672 1667 707 1697 aut
719 1673 745 1697 ex
757 1660 839 1698 defectu
852 1660 957 1698 educatio-

149 1720 189 1764 nis,
202 1726 237 1757 aut
252 1732 278 1756 ex
296 1720 547 1757 circumstantiis-status
566 1726 586 1757 et
602 1720 739 1758 commercii?
754 1721 787 1757 vel
806 1721 824 1758 si
840 1720 957 1765 irritabilis,

149 1780 238 1825 vividus,
249 1779 369 1825 vehemens,
383 1781 424 1818 cito
437 1780 586 1825 exardescens,
598 1781 699 1818 tristitiae
712 1793 791 1824 arctans,
804 1794 877 1829 asper,
890 1793 957 1818 moro-

150 1852 193 1885 sus,
206 1841 288 1884 anxius,
300 1841 438 1889 scrupulosus
451 1846 490 1878 etc.
511 1863 540 1867 —
556 1841 598 1878 Pro
609 1841 670 1878 varia
681 1840 795 1878 voluntatis
813 1841 881 1878 indole
897 1842 959 1877 aliter

150 1901 273 1939 tractandus
286 1907 318 1938 est
328 1901 445 1950 poenitens,
462 1901 496 1951 qui
508 1914 533 1939 ex
544 1901 630 1938 levitate
643 1908 678 1939 aut
689 1901 899 1939 inanimadverteutia
911 1914 958 1950 pec-

150 1969 191 2007 cat,
204 1963 265 2001 aliter
278 1962 311 2012 qui
324 1974 349 2000 cx
360 1962 453 2012 nequitia
465 1968 486 1999 et
497 1964 552 2000 nrala
563 1963 669 2000 voluntate
682 1963 733 2013 agit.
750 1962 808 2000 Aliae
821 1968 869 2000 sunt
880 1962 959 2000 instru-

150 2024 230 2062 ctiones
243 2029 264 2060 et
274 2023 390 2061 medicinae
403 2024 428 2061 ad
439 2023 592 2073 praepediendo
604 2028 624 2060 et
636 2023 757 2061 debellanda
773 2030 861 2073 peccata
875 2023 895 2060 in
911 2036 959 2073 pec-

151 2091 231 2132 catore,
250 2085 284 2135 qui
296 2087 318 2132 a]
331 2086 365 2124 vel
382 2085 446 2123 semel
461 2085 533 2134 lapsus
549 2091 591 2131 est,
606 2086 639 2123 vel
656 2086 681 2133 h]
697 2086 730 2136 qui
748 2097 828 2136 quaque
848 2086 959 2124 occasione

151 2149 199 2187 data
210 2148 319 2193 relabitur,
330 2149 364 2186 rel
376 2150 399 2196 c]
412 2148 446 2198 qui
459 2148 607 2186 consuetudine
620 2147 724 2186 detinetur
736 2154 807 2186 certae
819 2148 902 2198 peccati
913 2160 959 2198 spe·

152 2210 198 2249 clei.
210 2210 269 2249 Alius
282 2209 359 2261 agendi
372 2210 445 2248 modus
462 2222 508 2248 cum
521 2210 652 2260 poenitente,
669 2210 734 2260 quiin
751 2209 863 2261 Religione
881 2210 960 2249 instru-

152 2278 197 2310 ctns
210 2279 249 2317 est,
262 2271 325 2316 alius,
338 2272 373 2310 11111
384 2269 534 2323 religiosarum
545 2272 659 2310 veritatum
670 2271 791 2323 ignorantia
802 2271 890 2309 laborat.
903 2271 960 2320 Quae

152 2335 219 2371 omnia
230 2334 251 2371 in
264 2345 349 2371 censum
361 2334 433 2371 venire
446 2333 529 2379 debent,
541 2334 562 2371 ni
574 2324 718 2372 confessarius
731 2333 800 2371 officio
813 2345 850 2370 suo
863 2333 903 2370 rite
915 2333 960 2370 fun-

153 2396 219 2445 gendo
229 2395 292 2432 desit.
305 2394 438 2444 Quapropter
450 2394 474 2431 de
486 2393 519 2432 his
531 2395 626 2432 omnihus
642 2394 785 2433 conscientiae
804 2394 883 2432 arbiter
899 2406 960 2444 quae-

153 2461 193 2499 ret,
205 2468 255 2506 quae
268 2452 293 2493 ad
304 2455 432 2504 poenitentis
451 2455 598 2494 characterem
609 2456 709 2493 moralem
728 2456 876 2504 explorandum
893 2456 961 2492 inser-

154 2515 198 2552 vire
215 2522 309 2565 possunt.
325 2515 380 2553 Hinc
396 2516 417 2553 in
432 2516 503 2565 specie
518 2517 625 2566 inquirere
641 2517 713 2554 debet:
732 2518 756 2563 α)
775 2515 880 2564 Quaenam
898 2516 962 2554 fucrit

148 2577 245 2622 occasio,
258 2590 296 2627 qua
309 2577 355 2627 quis
367 2577 392 2614 ad
402 2576 530 2626 peccandum
542 2577 639 2615 inductus
652 2577 728 2623 fuerit,
740 2590 788 2615 num
801 2584 821 2615 ct
832 2576 884 2615 lracc
897 2578 961 2616 adsit?

153 2637 176 2675 ld
191 2638 244 2675 enim
261 2639 343 2677 rescire
360 2650 412 2688 opus
428 2644 470 2682 est,
490 2638 566 2686 partim
584 2638 609 2676 ad
627 2638 704 2676 fontem
719 2639 802 2688 peceati
816 2633 961 2690 detegendum,

153 2699 230 2749 partim
242 2699 266 2735 ad
277 2700 343 2737 danda
355 2699 444 2738 consilia
455 2698 534 2736 vitandi
549 2705 585 2737 aut
595 2699 687 2737 mutandi
703 2700 835 2738 occasionem
846 2700 961 2749 proximam

152 2759 243 2811 peccati.
258 2756 283 2808 β)
296 2759 352 2808 Quae
364 2761 429 2798 luerit
439 2760 565 2810 poenitentis
576 2761 693 2811 praeterita
704 2761 788 2799 vivendi
799 2761 915 2812 agendique
927 2774 961 2800 ra·

153 2822 190 2868 tio,
201 2827 273 2860 utrum
285 2832 308 2857 se
320 2821 358 2860 hoc
369 2823 432 2859 illove
443 2828 531 2871 peccato
539 2822 583 2871 jam
596 2835 622 2860 ex
632 2823 727 2873 'tempore
746 2828 793 2860 ante
808 2822 901 2861 ultimam
914 2830 962 2861 con·

153 2883 275 2928 sessionem,
288 2888 309 2920 et
320 2883 400 2931 quoties
413 2884 606 2930 commaculaverit,
618 2896 657 2934 quo
669 2884 757 2935 patebit,
774 2895 822 2921 1111111
834 2880 862 2922 sit
874 2885 962 2923 consue·
