2017 3193
858 125 902 169 283

93 236 216 281 Proverbii:
229 235 290 289 „uni
302 236 376 278 essein
385 234 657 291 conviviispotatorum“¹).
669 236 729 284 Item,
738 240 768 283 ut,
781 233 847 289 quoad
857 233 903 272 fieri

95 311 174 354 potest,
193 315 232 341 nou
250 303 348 342 intersint
365 303 476 347 conviviis,
495 303 530 340 ubi
546 304 601 341 inter
617 303 721 355 exquisita
733 309 754 341 et
765 300 903 351 multiplicata

95 364 176 398 fercula
188 363 295 398 admodum
307 363 390 399 difficile
402 368 445 404 est,
458 363 584 408 praesertim
594 363 673 399 homini
684 365 746 411 gulae
758 362 838 404 dedito,
851 367 902 397 tem·

95 418 202 476 perantiae
213 420 290 461 limites
300 433 340 461 non
353 419 462 461 excedere.

144 530 146 532 ,
168 482 195 533 4)
212 487 375 526 Praescribatur
394 483 494 530 ebriosis,
512 490 536 522 ut
553 484 578 522 ad
596 491 677 534 tempus
696 485 720 523 ab
733 498 771 524 usu
782 484 826 524 vini
837 483 903 523 absti-

95 550 167 588 neant,
180 554 215 583 aut
226 547 309 583 nonnisi
320 559 373 594 aqua
385 547 471 582 dilutum
483 551 504 580 ct
515 544 600 591 parcius
611 545 691 588 bibant,
706 546 766 593 idque
778 552 902 582 tantummo-

96 603 120 643 do
132 602 188 643 intra
198 604 320 644 reiectionis
332 603 418 649 horam;
435 601 516 653 pariter
528 602 620 654 gulosis,
638 607 661 638 ut
676 602 783 651 aliquando
797 602 902 650 jejunent,

96 682 136 708 una
147 670 264 709 refectione
276 681 341 720 eaque
353 666 432 719 frugali
444 665 547 712 contenti3
558 665 609 713 item
620 672 643 705 ut
655 664 779 718 aliquamdiu
792 665 832 705 sibi
844 666 902 705 abiis

95 730 158 766 rebus
171 731 291 777 specialiter
303 734 431 775 temperent,
450 739 537 774 quarum
549 739 600 764 usus
612 728 681 776 magis
694 728 799 774 expetitur
810 730 903 774 volupta-

95 787 134 833 tis,
146 799 206 839 quarn
218 785 353 826 necessitatis
366 795 426 836 ergo,
438 785 495 821 velut
508 785 532 821 ab
545 785 681 828 aromatibus,
694 784 903 828 conditur-istiusd-

95 852 134 890 bus
147 851 234 903 aliisque
246 849 355 894 similibus,
368 846 500 898 potissimum
511 854 580 888 tamen
593 848 618 888 ab
629 847 664 894 iis,
677 847 750 900 quibus
763 847 849 899 quisque
862 860 904 887 ma-

96 913 130 962 gis
142 914 259 950 dilectatur.
832 938 835 941 .

169 966 195 1016 5)
203 969 317 1007 Admodum
330 968 392 1004 etiam
404 967 455 1003 utile
468 968 516 1010 erit,
528 974 558 1012 ut,
570 969 652 1016 quoties
665 969 815 1016 temperantiae
827 969 905 1004 limites

96 1032 238 1078 excesserint,
250 1035 324 1082 sponte
337 1027 425 1081 aliquam
437 1027 586 1082 poenitentiam
599 1042 708 1071 assumere
720 1028 845 1077 doceantur,
866 1041 905 1083 qua

96 1096 161 1132 veluti
172 1095 231 1131 freno
244 1094 269 1130 ab
281 1092 378 1130 ulteriori
390 1104 479 1130 excessu
492 1105 515 1130 se
528 1095 651 1138 coerceant,
668 1100 728 1142 puta,
744 1094 845 1142 postridie
858 1106 905 1141 par-

97 1154 142 1190 cius
154 1159 175 1189 et
186 1151 266 1187 tardius
280 1151 400 1193 comedere,
412 1151 522 1187 vilioribus
536 1152 588 1188 cibis
600 1152 631 1187 uti
643 1158 664 1187 et
675 1152 766 1188 tenuiori
778 1158 833 1199 potu.
914 1156 915 1159 ’

170 1208 196 1263 li]
208 1210 303 1265 Denique
315 1209 335 1252 in
348 1209 456 1253 curatione
469 1223 552 1261 eorum,
572 1211 605 1265 qui
624 1211 733 1254 ebrietatis
746 1210 838 1253 habitum
858 1223 906 1251 con·

97 1283 215 1320 traxerunt,
227 1277 322 1314 consulto
335 1276 456 1313 observabit
467 1276 611 1314 confessarius
623 1277 712 1320 modurn,
725 1290 784 1326 quem
798 1277 821 1313 S.
833 1269 918 1326 Augu-⁸
934 1290 936 1292 ¹

97 1335 240 1377 stinustradit
251 1335 284 1370 his
296 1334 378 1369 verbis:
397 1333 451 1380 „Qui
469 1346 492 1370 se
510 1335 535 1371 de
553 1335 592 1372 hoe
608 1337 662 1372 malo
679 1336 785 1372 desiderat
802 1336 905 1377 liberare,

97 1394 197 1451 quomodo
216 1394 256 1436 sibi
270 1393 381 1435 intervallo
397 1393 476 1435 dierum
491 1400 562 1448 potum
577 1394 669 1436 addendo
685 1394 709 1435 ad
726 1391 835 1435 ebrietatis
848 1400 904 1434 tene-

96 1462 147 1498 bras
158 1459 262 1508 pervenit,
269 1460 299 1495 ita
311 1459 409 1506 paulatim
422 1459 563 1496 subtrahendo
576 1461 600 1496 ad
612 1460 734 1497 sobrietatis
745 1461 813 1497 lucem
824 1460 905 1496 redeat.

98 1518 137 1569 Qui
149 1518 167 1554 si
179 1518 240 1554 simul
252 1523 329 1559 totum,
348 1518 404 1564 quod
413 1518 500 1564 amplius
513 1518 618 1565 capiebat,
638 1519 778 1560 subtraxerit,
799 1519 832 1554 ubi
844 1518 906 1553 nimia

97 1577 133 1620 siti
145 1576 239 1632 eoeperit
250 1576 401 1627 exardescere,
414 1589 460 1619 eum
473 1577 549 1632 grandi
561 1577 699 1619 amaritudine
713 1577 798 1626 elamet,
811 1583 832 1618 et
843 1576 906 1625 dieat,

97 1644 158 1680 malle
170 1655 193 1679 se
205 1643 268 1686 mori,
284 1654 344 1691 quam
359 1642 399 1679 sibi
409 1642 492 1679 bibendi
504 1649 525 1679 et
535 1643 653 1680 inebriandi
664 1643 836 1681 consuetudinem
847 1643 906 1680 tolle-

97 1714 121 1738 re
128 1715 135 1744 ,·
153 1713 192 1737 nec
204 1700 301 1744 attendit,
321 1700 373 1747 quod
386 1701 518 1737 tolerabilius
531 1708 577 1738 erat
596 1702 637 1745 1111,
656 1714 721 1739 carne
733 1703 796 1745 mori,
815 1702 907 1750 quarnin

98 1760 165 1804 anima
183 1773 220 1815 per
239 1759 363 1809 ebrietatem
380 1759 478 1802 interfici.
496 1762 523 1801 ut
541 1760 597 1810 ideo,
616 1768 638 1802 ut
656 1773 694 1803 nec
713 1761 811 1801 ardorem
823 1760 907 1801 nimium

96 1827 188 1876 patiatur
201 1833 221 1863 et
231 1827 257 1864 de
269 1832 311 1863 tam
324 1826 386 1875 gravi
398 1827 451 1863 malo
463 1826 572 1870 liberetur,
590 1839 628 1875 per
645 1828 758 1864 intervalla
770 1827 861 1870 dierum,
879 1827 906 1863 si-

98 1892 133 1924 cut
144 1885 233 1921 diximus
246 1884 322 1932 aliquid
329 1884 353 1920 de
362 1885 467 1921 nimietate
478 1892 540 1932 potus
552 1885 675 1929 subtrabat;
688 1886 821 1933 quoadusque
837 1886 862 1922 ad
873 1898 907 1922 ra-

98 1944 218 1988 tionabilem
230 1943 313 1986 bibendi
326 1943 496 1987 consuetudinem
511 1942 632 1995 redeat⁴‘²].
649 1944 786 1986 Potissimum
801 1957 852 1985 vero
867 1943 907 1984 hoo

97 2010 212 2060 Augustini
223 2010 322 2049 monitum
334 2023 439 2059 usurpare
452 2017 536 2059 oportet
547 2024 601 2061 erga
620 2011 764 2055 eaohectieos,
784 2010 818 2060 qui
835 2011 906 2048 immo·

98 2070 170 2106 dorato
182 2075 241 2117 potu,
259 2074 319 2117 puta,
337 2070 380 2106 vini
392 2069 471 2112 adusti,
489 2070 519 2105 ita
531 2070 582 2106 facti
593 2076 642 2106 sunt
653 2070 747 2119 languidi
758 2070 870 2113 stomachi,
886 2076 909 2105 ut

97 2142 137 2173 non
149 2129 231 2185 possint
243 2129 288 2171 sine
300 2129 361 2187 gravi
373 2129 429 2172 vitae
440 2128 533 2184 periculo
549 2142 560 2171 a
575 2129 638 2171 simii
648 2135 697 2184 potu
710 2141 736 2171 ex
747 2129 831 2184 integro
844 2128 907 2169 absti-

97 2207 148 2232 nere
161 2196 185 2231 de
196 2202 283 2243 repente
288 2210 294 2239 3
306 2196 339 2232 bis
351 2196 405 2233 enim
416 2195 497 2244 injungi
508 2196 580 2236 debet.
593 2202 615 2233 ut
626 2196 725 2244 paulatim
737 2195 812 2242 aliquid
824 2195 907 2231 subtra-

98 2254 160 2297 hant,
179 2265 217 2302 quo
230 2253 277 2298 fiet,
293 2260 315 2291 ut
326 2254 408 2291 tandem
421 2253 466 2290 sine
478 2254 519 2290 ullo
531 2254 660 2291 incommodo
672 2254 692 2290 in
704 2259 769 2289 totum
782 2253 907 2289 abstineant.

97 2313 149 2357 Gom
162 2313 254 2370 gulosis,
267 2314 302 2369 qui
313 2314 397 2369 copioso
410 2313 456 2356 cibo
469 2314 524 2356 ultra
535 2313 686 2368 temperantiae
698 2318 818 2355 mensuram
831 2319 908 2355 stoma·

99 2379 159 2416 cbum
172 2392 264 2428 gravare
277 2381 356 2423 solent,
369 2380 441 2417 eadem
453 2380 507 2415 ratio
520 2380 603 2415 servari
615 2379 703 2426 poterit,
715 2385 738 2415 ut
748 2378 849 2426 paulatim
861 2392 909 2427 pro·

98 2437 230 2488 gradiantur,
249 2437 339 2487 quotidie
352 2436 429 2487 aliquid
441 2436 508 2473 minus
522 2437 632 2480 sumendo,
651 2448 758 2486 quousque
774 2437 798 2474 ad
812 2437 909 2486 regulam

97 2499 249 2553 temperantiae
260 2499 403 2554 perveniatur.

421 2617 504 2670 Contra
524 2617 588 2669 11111.

172 2744 189 2792 ξ.
203 2743 253 2783 192.
272 2749 410 2792 „Mansuetus
423 2747 514 2795 sibiipsi
526 2747 605 2794 dulcis,
619 2753 640 2782 et
651 2747 708 2782 utilis
720 2746 777 2788 aliis:
795 2746 908 2783 iracundus

97 2810 148 2836 vero
161 2806 182 2837 et
193 2801 233 2839 sibi
244 2804 345 2853 insuavis,
358 2811 379 2843 ct
390 2805 437 2844 aliis
450 2805 568 2843 damnosus.
586 2803 641 2841 Nihil
652 2804 761 2841 insuavius
772 2803 854 2840 homine
865 2802 907 2839 ira-

96 2892 269 2904 -Ἇ

123 2934 190 2971 1)XX.
200 2935 231 2966 211.
241 2953 264 2959 —
274 2940 290 2975 ²)
300 2940 364 2972 serm,
374 2941 417 2973 2d1.
