2056 3193
111 78 156 120 ato

110 194 212 242 peccandi
229 193 340 231 tractaturi
359 205 437 230 sumus.
451 216 480 220 -
492 195 543 231 Item
557 207 594 245 pru
606 194 695 245 alloquia
714 202 734 234 et
753 199 849 248 aspectus
867 195 921 234 rela-

111 256 207 293 bentibus
220 254 300 305 injungi
308 255 369 292 debet
380 254 453 293 horum
468 256 608 302 mortificatio,
621 262 641 292 et
652 259 739 305 proponi
752 260 866 309 exemplum
878 259 920 296 Da-

111 317 171 360 vidis,
185 316 225 364 qui,
238 328 283 352 cnm
295 315 349 353 band
362 316 473 354 mediocris
487 324 544 354 esset
556 317 682 362 sanctitatis,
695 330 732 366 per
744 320 849 358 incautum
862 332 920 370 aspe-

112 384 165 415 ctum
186 378 274 426 turpiter
290 378 361 426 lapsus
375 385 417 423 est,
436 379 484 415 illnd
498 391 576 429 erratque
592 379 651 416 Jobi:
671 379 760 430 „Pepigt
778 382 851 420 foedus
875 392 920 420 eum

111 439 177 476 oculis
190 439 252 483 meis,
265 445 323 476 utne
336 439 417 489 (pridem
430 440 546 491 cogitarem
559 440 582 477 de
595 438 728 490 vi1·girie’⁷¹];
742 453 780 479 nec
793 455 831 480 non
844 443 921 481 dictum

111 499 133 537 S.
146 499 268 548 Hieronymi
281 500 305 537 ad
316 501 366 549 Nep.
380 501 505 539 scribentis:
527 502 582 539 „nee
595 501 615 538 in
631 502 747 550 praeterita
761 504 858 541 castitate
873 516 920 543 con·

111 560 168 598 fides.
192 561 235 599 ittae
250 562 344 599 sanctior
364 562 454 606 Davide,
471 574 508 599 nec
527 562 638 599 Salomone
657 563 771 611 sapientior
788 576 835 601 esse
854 572 919 614 polea.

110 623 215 660 bierncnto
229 636 321 672 semper,
338 624 390 673 quod
405 622 495 671 paradisi
508 624 603 660 colonum
615 624 639 661 de
651 624 785 672 possessione
798 637 836 662 sua
847 626 921 663 mulier

111 684 218 731 ejecerit.''⁷
243 685 265 722 Si
282 691 367 722 sauctus
381 697 415 727 es,
434 696 471 721 nec
492 691 558 721 tamen
572 697 661 723 securus
674 697 703 722 cs.
726 685 814 723 Plurimi
831 687 920 725 sanctis-

111 746 159 782 simi
171 746 291 783 ceciderunt
304 745 342 782 boc
355 745 403 782 vitio
416 751 502 795 propter
516 757 574 783 suam
594 746 737 784 securitatem
756 747 829 784 Nullus
845 748 864 783 in
883 748 921 785 hoc

112 807 207 845 confidat.
229 806 343 855 „Kirrnqnid
362 812 431 854 potest
446 806 505 844 laonio
524 808 630 845 annullare
652 820 715 855 super
733 820 822 856 prunas,
842 814 863 845 ut
881 820 921 845 non

112 869 260 905 comburantur
279 869 360 916 plantae
384 867 484 915 ==jas”²]‘t
501 868 567 906 „Nina
586 875 607 906 tu
623 880 695 906 saxum
712 865 745 914 es,
763 881 808 906 num
825 870 921 906 ferrum?

112 929 161 966 dicit
173 931 195 967 S.
210 929 283 977 Chrys.
302 928 368 965 Homo
385 941 419 973 es,
438 930 540 966 communi
555 936 642 967 naturae
654 930 792 968 imbecillitati
812 931 920 968 obnoxius.

111 992 183 1042 Ignem
200 990 267 1039 carpis,
285 1002 322 1026 nec
341 991 424 1026 ureris?
444 990 482 1038 Qui
499 991 546 1027 finiri
560 991 580 1028 id
592 994 675 1040 potest?
687 992 805 1029 Lucernam
825 992 845 1029 in
859 992 920 1028 foeno

111 1065 172 1101 pone,
184 1064 208 1089 ae
227 1058 247 1088 tu
263 1051 314 1088 aude
328 1064 418 1101 negare,
437 1052 489 1100 quod
506 1051 587 1089 foenum
607 1059 687 1089 uratur.
704 1052 761 1100 Quod
783 1052 865 1089 foenum
878 1058 920 1097 est,

112 1113 150 1150 boc
163 1119 237 1150 natura
249 1119 321 1148 nostra
334 1112 385 1148 est.³'‘

188 1174 209 1211 si
223 1172 279 1211 alter
292 1185 359 1211 orrens
371 1174 474 1216 occurrit,
495 1187 532 1222 quo
550 1186 614 1211 cansa
626 1175 720 1212 luxuriae
733 1174 783 1212 latet
795 1175 814 1211 in
831 1186 920 1212 <excessu

114 1235 218 1272 calidioris
231 1240 301 1283 petus,
315 1234 423 1284 inpingere
436 1240 518 1283 oportet
528 1234 656 1272 moderatum
668 1236 725 1282 illius
739 1247 808 1279 usum,
825 1235 920 1279 maxime,

114 1297 131 1332 si
146 1296 253 1344 pocrritens
269 1295 391 1343 frequenter
407 1301 506 1343 ‹ixpm‘tus
523 1302 564 1340 est,
586 1308 609 1332 eo
622 1296 727 1333 libidinem
741 1296 807 1347 magis
821 1296 919 1339 accendi,

112 1369 175 1405 seque
188 1357 212 1393 ad
225 1369 315 1393 venerea
327 1356 448 1404 prorocari3
461 1355 527 1404 caralis
540 1369 579 1392 non
591 1356 663 1404 paucis
672 1369 719 1394 esse
728 1357 831 1394 soletrini
844 1357 919 1399 adusti,

111 1418 150 1455 imo
164 1418 229 1454 omnis
242 1417 329 1467 gimeris
341 1417 383 1453 vnn
395 1416 517 1454 inmiodicus
530 1429 590 1462 usus;
608 1439 638 1444 -
650 1423 704 1454 teste
718 1417 770 1455 erum
785 1418 884 1467 Apostolo
893 1414 919 1463 ³),

110 1479 130 1515 in
143 1479 189 1515 vino
202 1479 283 1515 luxuria
296 1485 342 1523 est;
355 1479 457 1514 nonnullis
470 1478 532 1514 titiam
546 1478 640 1515 fortioris
652 1479 776 1515 cerevisiae.

185 1540 208 1576 Ut
235 1552 285 1576 vero
304 1539 411 1587 poenitens
427 1539 510 1576 facilius
533 1540 557 1576 ab
577 1551 666 1577 excessu
683 1539 798 1583 abstineat,
823 1539 883 1576 simul
901 1540 921 1576 ei

111 1601 280 1650 praescrilmtur,
299 1607 320 1636 nt
332 1600 409 1637 devitet
426 1600 545 1644 consortia,
571 1600 679 1643 conuiuia,
698 1602 796 1638 tabernas
816 1607 836 1637 et
850 1600 920 1648 hujus·

112 1662 164 1699 manli
181 1662 316 1705 occasiones,
334 1662 353 1697 in
373 1661 446 1710 quilius
465 1661 567 1698 excedere
587 1662 605 1697 in
623 1668 671 1709 polu
691 1661 806 1698 consuevit.
830 1662 880 1698 ltem
899 1667 921 1698 ut

112 1729 172 1760 cextra
184 1722 256 1760 boram
273 1722 395 1760 relectionis
407 1723 439 1758 vel
455 1734 494 1759 non
508 1722 563 1759 bibat
576 1722 667 1767 omnino,
686 1723 718 1759 vel
731 1722 811 1759 nonnisi
828 1722 852 1759 ad
864 1722 920 1759 sitim

111 1784 295 1835 exsbnguemlam,
314 1790 334 1819 et
346 1789 416 1819 utatur
428 1789 476 1831 potn
495 1783 591 1819 tenuiori.
614 1784 681 1819 Porro
700 1783 732 1820 bic
752 1783 865 1832 diligenter
885 1783 920 1819 ob-

112 1844 247 1887 servandum,
265 1855 375 1880 oxetrssum
388 1844 407 1880 in
420 1850 481 1892 potu,
500 1844 583 1880 seclusa
599 1843 700 1880 elnietate
716 1849 736 1880 et
748 1843 841 1891 periculo
853 1843 920 1886 illius,

111 1918 135 1942 ac
148 1905 232 1953 proinde
246 1918 271 1940 ex
283 1917 305 1941 se
318 1916 357 1940 non
370 1905 492 1947 mortalem,
507 1904 614 1947 mortalem
627 1904 684 1945 fieri,
697 1904 777 1951 quando
791 1903 921 1951 experientia

112 1971 204 2008 constat,
224 1977 269 2001 cum
286 1964 369 2001 attone
388 1965 466 2000 nroralc
485 1964 600 2011 pericnlum
620 1963 707 1999 alterius
721 1963 803 2011 peccati
818 1962 919 2006 mortalis,

112 2031 161 2074 puta
173 2025 280 2069 luxuriam
298 2024 317 2060 in
330 2036 368 2073 quo
382 2036 431 2061 casn
445 2023 507 2060 etiam
520 2024 557 2060 sub
571 2023 653 2060 mortali
666 2035 767 2060 :excrescas
779 2023 813 2060 ille
826 2029 846 2060 et
863 2022 919 2060 illius

112 2087 195 2125 occasio
208 2086 301 2135 prroxima
314 2085 388 2122 evitari
401 2085 468 2122 debet.

177 2147 242 2195 Quod
256 2148 342 2196 denique
355 2150 442 2184 tertiana
454 2148 528 2184 attinet
544 2147 649 2184 librariae
661 2159 769 2195 esttecum}
782 2159 833 2196 qnae
853 2159 878 2183 ex
890 2146 920 2182 vi·

112 2216 132 2248 ta
156 2212 222 2248 otiosa
241 2216 261 2246 et
280 2209 380 2247 deliciosa
400 2216 494 2259 {carraquam
512 2216 577 2246 rnatre
596 2209 648 2246 band
664 2208 788 2246 infoecunda
812 2208 919 2251 nascitur,

113 2273 274 2311 exercitationes
294 2272 373 2322 aliquae
393 2272 565 2322 praescribantur
579 2271 674 2322 corporis
693 2278 713 2309 ct
728 2271 829 2320 spiritus,
847 2269 920 2319 quibus

116 2342 194 2384 tempus
207 2335 314 2373 fraretnosr
327 2335 467 2383 impemlatnr,
486 2334 594 2385 unicnique
603 2334 664 2382 'iuxta
677 2334 778 2371 rationem
797 2331 920 2369 conditionis

115 2403 181 2434 status
201 2411 224 2435 ac
240 2398 367 2441 officiorum,
386 2410 404 2434 r.
417 2410 438 2448 g.
456 2397 550 2447 patribus
570 2402 593 2433 ac
613 2395 818 2439 matribusl'amilias,
843 2400 864 2431 ut
889 2393 921 2430 rei

113 2459 239 2496 domesticae
259 2460 370 2510 diligenter
383 2459 502 2510 invigilent,
521 2460 600 2507 prolem
612 2458 664 2494 bene
684 2457 788 2494 instruant
803 2456 823 2492 in
841 2455 882 2492 fide
901 2461 921 2491 et

113 2521 220 2565 morilaas3
238 2522 345 2558 literarum
361 2521 461 2558 studiosis
478 2520 575 2567 aliisque,
593 2530 679 2568 qnorum
696 2518 761 2555 officii
779 2523 837 2554 recta
856 2516 919 2553 adrni-

112 2580 210 2619 nistratio
227 2594 236 2617 a
253 2582 318 2618 studio
330 2582 424 2630 inprimis
437 2581 524 2629 pendet,
545 2587 565 2617 ut
584 2579 658 2616 studiis
673 2579 769 2629 grauiter
788 2577 920 2622 incmnbant3

112 2643 278 2681 omnilmsmno
298 2642 424 2679 Christianis
443 2643 608 2690 poenitentibus,
627 2647 648 2677 ut
674 2651 749 2688 corpus
775 2644 821 2687 apto
848 2639 920 2676 labore

112 2704 234 2743 exerceant.

137 2837 152 2882 1)
162 2838 232 2870 xxxi.
246 2838 294 2868 1.-
307 2838 322 2875 2)
331 2837 390 2869 Prov.
399 2837 430 2871 Vl.
440 2838 469 2871 28.
479 2856 502 2860 -
511 2840 527 2877 ³)
538 2837 584 2879 Epir.
595 2837 617 2870 V.
629 2837 658 2868 18.
