2017 3193
821 103 851 147 43

51 242 101 277 Fort
125 229 185 268 etiam
196 237 236 263 non
248 223 292 262 vult
302 223 360 262 Deus
373 233 396 259 eo
408 220 545 259 instrumento
557 221 588 260 nti
602 221 627 260 ad
639 219 684 269 ejus
701 217 851 256 sanctificatio-

52 310 97 338 nem
109 299 128 330 et
140 289 234 327 salutem.
248 288 270 333 c]
281 284 336 323 Nihil
347 283 388 334 ipsi
400 281 462 319 etiarn
474 280 498 318 de
509 282 582 320 merito
594 282 675 321 decedit
686 292 724 331 per
736 280 852 318 discessum

51 350 182 409 poenitentis,
195 359 241 386 cum
254 352 274 384 et
284 347 380 385 voluntas
397 341 464 390 ipsius
475 341 539 386 bona,
558 355 597 392 qua
613 344 685 382 audire
701 347 790 392 paratus
807 345 853 378 arat

51 414 189 469 poenitentem
201 421 238 447 suo
255 408 330 446 merito
348 416 388 443 non
407 403 435 439 sit
450 402 553 447 caritura,
569 409 589 440 et
600 411 711 453 praeterea
728 404 776 442 dum
792 401 852 440 alteri

53 472 188 517 confessario,
201 471 225 508 ad
237 481 296 520 quem
308 466 384 506 transit
401 464 517 513 poenitens,
533 463 638 502 defructu
656 466 739 503 obtento
758 463 852 516 gratula-

52 546 92 582 tur,
105 533 197 582 ejusdem
209 544 231 569 se
244 542 323 581 quoque
335 524 459 578 participem
472 524 522 562 facit
530 524 591 572 juxta
602 525 651 562 illud
662 526 747 563 Davidis
761 536 853 575 pronun-

53 598 142 637 ciatum:
156 593 279 641 „Particeps
292 602 332 642 ego
344 598 389 625 sum
401 585 491 623 oninium
502 585 617 623 timentium
630 591 650 623 te
662 592 682 622 et
694 586 853 641 custodientium

52 656 148 696 mandata
158 654 205 692 tua’'
217 652 243 701 1),

124 717 213 754 Praeter
224 723 289 751 vanae
302 708 383 760 gloriae
396 707 499 752 studium,
517 720 556 758 quo
573 706 717 745 confessarius
732 707 753 743 in
767 719 853 746 numero

52 778 199 830 poenitentium
212 773 322 825 gloriatur,
335 769 388 807 aliud
400 769 498 806 vanitatis
517 769 589 807 vitium
603 775 710 813 notamus,
729 768 782 818 quod
797 769 855 806 circa

54 852 118 889 opera
129 835 218 888 egregie
230 833 293 876 facta,
304 831 389 868 labores
400 842 438 879 pro
449 830 490 867 Dei
501 829 580 867 honore
592 836 709 878 susceptos,
721 829 855 878 laborumque

54 902 146 951 ipsorum
157 898 239 934 fructus
251 898 355 930 versatur.
374 890 431 927 Proh
445 890 511 928 dolor!
527 903 566 928 non
579 890 660 935 desunt,
673 891 707 940 qui
718 889 791 940 lingua
807 901 856 939 pro·

55 962 107 1011 pria,
119 967 214 1006 tanquam
226 953 333 1002 aptissimo
344 952 483 989 instrumento
495 957 589 996 utuntur,
601 951 717 999 hujusmodi
728 951 784 988 faeta
796 962 856 987 enar-

55 1019 120 1059 randi.
134 1015 231 1065 Quamvis
242 1013 292 1050 illud
309 1012 415 1050 interdum
430 1011 476 1050 allis
493 1011 517 1050 ad
535 1012 611 1050 similia
629 1024 692 1062 opera
707 1010 856 1062 provocandis,

56 1088 90 1122 aut
102 1080 125 1117 ad
136 1079 204 1115 Deum
216 1075 375 1127 glorificandum
391 1074 506 1112 excitandis
522 1075 618 1113 conferre
630 1074 710 1123 possit,
729 1080 799 1111 tamen
816 1073 858 1110 uisi

55 1138 239 1193 praesentissimae
259 1136 352 1174 cautelae
366 1135 511 1180 adhibeantur,
526 1135 654 1185 intentioque
669 1134 694 1172 ad
708 1135 775 1172 Deum
791 1134 857 1172 solum

56 1207 128 1241 erecta
148 1199 218 1237 sedulo
242 1203 349 1242 teneatur,
373 1196 488 1246 periculum
509 1197 644 1247 undequaque
665 1197 764 1234 imminet.
782 1196 806 1233 In
827 1196 857 1233 ln·

55 1262 113 1302 brice
126 1260 231 1311 graderis,
242 1259 263 1295 in
274 1258 341 1295 medio
352 1259 473 1307 laqueorum
485 1258 611 1307 pertransis,
627 1258 754 1307 proindeque
769 1257 858 1294 sollicite

57 1334 106 1364 cave
118 1320 214 1371 tibiipsi,
232 1320 326 1370 quisquis
339 1319 362 1357 de
374 1325 394 1357 te
406 1319 451 1369 ipso
463 1320 519 1369 loqui
530 1321 589 1370 cupis
601 1325 622 1358 et
636 1320 676 1357 nisi
687 1324 765 1371 urgeat
776 1318 858 1357 eviden-

56 1384 136 1425 tissima
146 1382 235 1433 proximi
246 1382 325 1419 utilitas
337 1393 374 1419 seu
385 1382 509 1428 necessitas,
521 1381 560 1420 hoc
569 1381 689 1420 tibidictum
696 1387 780 1431 reputa:
791 1382 858 1432 Fuge,

58 1446 150 1499 quiesce,
168 1450 221 1483 tace.
241 1443 309 1483 „Nihil
321 1441 345 1481 de
363 1449 383 1482 te
401 1455 490 1494 unquam
507 1443 621 1495 loquaris,'⁷
641 1444 669 1482 ait
687 1443 710 1482 S.
728 1442 858 1488 Bernardus,

60 1507 125 1559 „quod
136 1506 216 1545 laudem
228 1506 334 1556 importet,
347 1511 533 1557 quantumcumque
545 1505 656 1544 familiaris
668 1506 696 1544 sit
706 1506 748 1552 ille,
762 1517 807 1543 cum
819 1517 858 1555 qno

58 1569 159 1620 loqueriS,
173 1568 214 1606 imo
225 1568 294 1618 potius
309 1568 356 1617 plus
367 1567 439 1606 labora
452 1567 522 1606 celare
534 1568 634 1614 virtutes,
651 1580 711 1618 quam
721 1566 785 1605 vitia’'
794 1565 820 1615 2).
832 1569 860 1605 Et

59 1631 81 1670 S.
92 1630 195 1669 Basilius:
214 1629 341 1681 „Fugiamus
353 1629 434 1668 inanem
447 1630 549 1681 gloriarer,
569 1630 648 1669 dulcem
660 1628 800 1681 spiritualium
812 1642 859 1679 ope-

58 1706 103 1731 rum
115 1691 266 1742 expilatricem,
274 1690 388 1740 jucundum
401 1691 515 1730 animarum
533 1698 653 1730 nostrarum
670 1692 763 1736 hostem,
782 1691 859 1729 tineam

57 1755 170 1799 virtutum,
187 1752 343 1791 blandissimam
360 1753 460 1791 bonorum
473 1760 593 1792 nostrorum
605 1754 792 1804 depraedatricem,
812 1765 859 1791 ean·

58 1816 142 1865 demque
153 1814 221 1853 mellis
232 1814 285 1852 illitu
305 1815 384 1853 fraudis
402 1815 476 1852 veneni
489 1815 521 1853 sui
539 1816 699 1861 coloratricem,
718 1822 739 1854 et
756 1814 861 1852 mortiferi

57 1877 126 1928 poculi
136 1876 302 1926 porrectricem'⁷
312 1874 339 1924 ³).
357 1876 458 1914 Pestiferi
468 1876 529 1926 hujus
541 1877 587 1915 vitii
597 1877 709 1916 illecebras
721 1884 743 1916 ut
760 1876 860 1915 sacerdos

58 1937 184 1977 christianus
197 1938 291 1989 effugiat,
302 1950 381 1976 memor
393 1938 421 1976 sit
432 1944 515 1988 oportet
531 1939 588 1977 effati
600 1939 722 1989 apostolici:
742 1937 809 1986 „Quid
824 1938 860 1977 ha·

57 2000 101 2046 bes,
114 2000 165 2050 quod
173 2012 212 2037 non
221 2000 335 2049 accepisti?
348 2000 367 2037 si
374 2007 443 2038 autem
454 2000 563 2051 accepisti,
575 2001 623 2051 quid
629 2001 737 2052 gloriaris,
750 1999 810 2051 quasi
820 2012 861 2038 nou

58 2061 192 2111 acceperis?’'
202 2057 222 2109 4)
235 2067 255 2099 et
268 2061 290 2100 S.
302 2062 419 2107 Bernardi,
432 2062 466 2112 qui
477 2062 547 2100 docet:
560 2062 668 2112 „Spiritus
683 2070 722 2109 est,
735 2063 769 2114 qui
783 2062 860 2100 sancti·

58 2122 113 2160 ficat.
126 2122 225 2172 Spiritus,
237 2135 277 2161 non
285 2123 330 2162 dico
342 2129 397 2169 tuus,
409 2123 446 2161 sed
457 2123 667 2176 DeiEtsiprodigiis
676 2132 711 2163 aut
722 2123 789 2177 signis
802 2124 860 2162 efful-

59 2196 117 2236 geas,
128 2185 149 2222 iu
160 2184 329 2232 manutuafiunt,
342 2184 378 2223 sed
389 2185 467 2223 virtute
478 2185 785 2237 DeiAnhhndhurpopularis
793 2185 860 2230 favor,

59 2245 111 2295 quod
122 2246 207 2284 verbum
218 2247 293 2285 bonum
302 2248 381 2285 etbene
392 2247 446 2285 forte
454 2247 611 2296 depromseris?
624 2248 667 2286 Sed
675 2248 772 2286 Christus
780 2246 863 2285 donavit

60 2319 82 2344 os
101 2313 122 2344 et
139 2308 273 2357 sapientiam:
292 2321 339 2346 nant
356 2309 429 2360 lingua
446 2314 481 2346 tua
497 2309 544 2358 quid
555 2309 596 2346 nisi
614 2311 706 2347 calamus
724 2310 821 2349 scribae?
835 2311 863 2347 Εἰ

59 2367 98 2406 boc
114 2369 181 2418 ipsum
204 2376 274 2408 mutuo
294 2370 395 2420 accepisti
401 2384 407 2416 3
425 2369 525 2408 talentum
544 2370 645 2409 creditum
664 2378 708 2417 est,
728 2371 863 2422 repetendum

60 2440 105 2467 cum
116 2430 193 2469 usura'’
201 2428 227 2478 ⁵).

296 2562 416 2617 lutbeeillis
430 2563 629 2617 hontinum'tImor.

133 2686 150 2740 ξ.
163 2684 199 2728 29.
211 2689 324 2728 lnthecillis
335 2689 441 2729 hominum
452 2690 522 2735 timor,
534 2689 602 2741 iisque
613 2690 731 2729 blandiendi
743 2694 865 2742 proclivitas

61 2750 190 2788 sacerdotem
202 2751 355 2790 confessarium
368 2752 514 2797 commaculat,
527 2752 574 2790 dum
585 2765 611 2791 ex
622 2759 678 2792 metu
690 2753 806 2793 offendendi
817 2768 864 2805 poe·
879 2751 881 2756 ’

70 2834 246 2848 Ἢ

87 2882 102 2921 1)
111 2881 182 2917 Psalm.
194 2884 278 2918 CXVIII.
288 2886 318 2917 63.
337 2903 362 2908 —
377 2882 392 2927 2)
402 2886 479 2918 Inform.
487 2884 532 2918 bon.
542 2885 577 2919 vit.
586 2905 610 2910 -
619 2888 635 2928 ³]
646 2886 667 2919 ln
677 2886 744 2920 Const.
753 2896 794 2930 cap.
805 2889 832 2920 11.
842 2905 866 2914 -1

110 2928 125 2975 4]
133 2931 148 2966 I.
160 2932 204 2968 Cor.
213 2934 247 2968 IV.
257 2937 274 2967 7.
284 2951 308 2957 -
316 2934 332 2974 ⁵)
343 2933 405 2967 serm.
416 2936 444 2967 13.
454 2934 471 2967 in
482 2934 535 2971 Cant.
