2056 3193
122 83 167 127 302

122 206 258 248 spensatores
270 211 349 245 sumus,
361 212 402 239 non
413 199 497 239 Domini
508 212 579 239 sumus
583 215 590 247 ς
609 212 694 240 causam
711 203 764 249 nei,
780 216 819 242 non
834 210 929 245 nostram

123 261 204 311 agimus
212 275 219 307 ,-
238 261 329 299 offensas
346 262 396 308 Dei,
415 275 454 301 non
466 274 501 300 res
513 269 598 301 nostras
614 262 749 310 remittimus,
765 266 819 304 bona
829 266 876 313 Dei,
888 280 929 306 non

121 334 157 360 res
169 329 253 361 nostras
266 322 457 373 11111111111111111111.α
469 324 563 370 Accedit,
575 324 628 375 quod
640 324 783 366 confessarius
795 328 823 366 sit
837 328 929 368 medicus

123 389 144 421 et
158 390 218 433 pater
233 384 357 434 spiritualis.
379 386 464 423 Ullusne
480 386 534 423 enim
547 385 598 424 adeo
617 385 708 424 crudelis
720 387 772 439 fingi
782 396 852 439 potest
865 390 929 428 medi·

122 457 166 490 cus,
179 446 214 495 qui
225 457 291 496 aegro
302 458 404 485 venenum
418 446 521 497 propinet,
533 459 570 496 per
583 446 726 498 ignorantiam
736 448 787 487 illud
798 451 864 489 veluti
874 452 930 490 salu-

121 512 167 543 tare
178 506 314 556 pharmacum
333 507 450 557 expetenti?
470 506 520 555 Quis
531 514 591 557 pater
610 513 649 552 est,
668 508 702 557 qui
712 508 801 557 lapidem
819 513 853 549 vel
871 525 929 551 scor-

121 567 210 616 pionem,
221 580 297 618 panem
307 569 341 606 vel
351 574 421 618 potum
432 568 547 622 postulanti
560 568 675 618 praebeat?
688 567 734 616 Hoc
746 581 785 607 non
798 578 831 609 est
845 586 929 620 curare,
976 560 981 563 V

121 629 157 667 sed
170 628 189 666 si
199 641 274 668 verum
286 630 355 668 dicere
366 630 468 675 volumus,
480 624 591 680 perimere.
605 630 642 668 Sic
655 642 672 667 e.
685 643 706 681 g.
719 630 841 682 deneganda
852 641 884 672 est
895 635 929 673 ab·

121 690 207 736 solutio,
233 692 268 742 qui
285 691 365 730 proluat
379 703 424 729 rem
444 692 531 729 alienam
549 691 677 736 restituere,
696 697 731 729 aut
748 692 874 733 satisfacere
891 708 930 746 pro

122 751 194 789 damno
207 752 264 790 illato
276 751 374 797 inbonis,
387 751 431 789 sive
443 752 551 797 fortunae,
570 753 615 790 sive
627 752 702 797 famae,
714 753 759 791 sive
770 753 867 800 honoris,
883 769 929 795 cum
973 782 975 787 ·

121 813 213 862 possint:
226 813 259 863 qui
270 811 350 851 1111111111
361 813 503 852 cuminimicis
510 812 645 852 reconciliari
650 828 656 859 3
669 813 703 864 qui
709 813 790 853 nolunt
799 816 929 855 occasionem

121 873 222 923 peccandi
233 874 349 923 proximam
361 875 468 920 deserere,
485 881 520 913 aut
530 887 617 925 pravam
629 875 799 914 consuetudinem
811 877 930 929 corrigere,

123 941 158 972 aut
173 935 213 973 alio
228 936 287 973 modo
297 948 299 951 ·
310 948 322 973 a
335 936 428 986 peccatis
444 936 558 982 abstinere,
577 942 598 974 11
608 936 674 974 vitam
684 935 706 974 in
721 936 796 975 melius
811 938 930 976 emendare.

409 1054 513 1125 begnlee
525 1055 647 1125 practicae.

196 1176 368 1234 1205111111,
384 1193 436 1230 quae
451 1179 469 1232 ξ.
483 1177 533 1219 197.
549 1181 649 1226 diximus,
667 1182 756 1233 regulae
770 1182 883 1232 practicae
892 1196 930 1234 pro

111 1243 188 1292 vdan'da
198 1243 232 1280 vel
243 1254 283 1279 non
296 1241 362 1279 danda
374 1241 503 1279 absolutione
515 1242 582 1291 quoad
597 1242 736 1292 capacitatem
751 1244 784 1280 vel
803 1244 930 1293 incapacita-

121 1310 163 1341 tem
174 1303 308 1354 poenitentis,
322 1315 359 1340 sua
371 1309 444 1352 sponte
456 1304 530 1348 fluunt,
542 1302 602 1341 itaut
610 1303 640 1341 eis
652 1304 778 1342 deducendis
790 1304 930 1354 supersedere

121 1365 233 1415 possimus,
245 1364 306 1414 idque
318 1376 342 1401 eo
350 1363 425 1415 magis,
438 1376 476 1414 quo
489 1363 513 1401 de
524 1364 630 1413 personis,
642 1376 693 1414 quas
706 1364 815 1414 speciatim
827 1371 931 1416 spectant,

122 1427 187 1464 denuo
201 1425 300 1464 Sectione
311 1426 337 1462 II.
356 1437 426 1463 sermo
437 1425 521 1463 redibit.
539 1426 579 1462 Ast
597 1425 650 1474 quod
663 1426 737 1463 attinet
747 1427 834 1477 regulas
852 1427 930 1476 practi-

123 1500 170 1533 cas,
182 1487 230 1525 usui
236 1486 354 1536 prodenda,
366 1487 400 1523 vel
411 1498 451 1523 non
464 1486 530 1524 danda
538 1486 667 1524 absolutione
679 1486 770 1531 futuras,
783 1487 848 1536 quoad
860 1487 930 1536 poeni-

121 1549 185 1586 tentis
194 1548 324 1602 dignitatem,
337 1553 373 1584 aut
379 1547 570 1598 indignitatem,ex
577 1547 727 1585 emendationis
735 1548 779 1585 sive
788 1547 929 1592 contritionis,

122 1610 155 1647 vel
167 1622 192 1647 ex
210 1608 343 1658 pervicaciae
356 1607 449 1646 criteriis
467 1607 629 1659 dignoscendam
641 1614 753 1658 sequentes
762 1614 856 1646 statuere
868 1608 930 1646 lieet:

197 1668 222 1717 l]
235 1669 259 1707 Si
269 1670 290 1707 in
302 1669 420 1718 poenitente
439 1668 501 1719 signa
515 1667 559 1717 jani
577 1669 640 1706 initae
659 1669 683 1706 ab
701 1668 741 1706 hoc
761 1670 847 1716 (saltem
866 1668 932 1718 quoad

122 1731 224 1779 animum]
237 1729 396 1774 emendationis,
415 1729 460 1767 sive
471 1736 494 1766 ut
506 1729 634 1778 antiquiores
650 1729 775 1779 loquuntur,
792 1730 844 1766 satis
857 1730 930 1780 genui-

121 1805 161 1831 nae
173 1797 194 1830 et
206 1791 299 1829 efficacis
312 1790 443 1829 contritionis
455 1793 517 1827 certo
528 1790 561 1827 vel
570 1790 675 1840 prudenti
680 1790 768 1839 jndicio
785 1790 884 1829 submota
896 1790 930 1827 ad-

121 1859 216 1903 pareant‚
229 1851 331 1890 absolutio
343 1851 468 1900 simpliciter
481 1850 613 1890 concedenda
625 1857 664 1888 est.

195 1911 221 1961 2]
234 1913 258 1951 Si
268 1924 319 1951 vero
332 1912 394 1963 signa
405 1924 463 1949 mere
478 1912 539 1949 dubia
555 1911 679 1961 adpareant,
695 1911 797 1949 absolutio
813 1911 931 1956 differatur,

121 1974 163 2013 nisi
174 1987 219 2013 eam
231 1974 316 2012 differre
328 1973 401 2023 gravis
412 1973 530 2011 necessitas
541 1972 657 2021 prohibeat.

196 2033 222 2083 3]
236 2035 260 2072 Si
271 2034 358 2084 denique
370 2034 431 2084 signa
442 2033 574 2083 pervicaciae
587 2033 710 2082 adpareant,
729 2032 832 2071 absolutio
848 2043 931 2087 semper

122 2096 245 2149 deneganda
258 2100 296 2133 est.

195 2159 237 2196 Pro
257 2169 297 2194 usu
312 2156 379 2207 igitur
396 2154 469 2193 barum
486 2154 610 2207 regularum
629 2154 690 2207 signa
709 2153 841 2193 contritionis
859 2165 931 2199 verae,

120 2220 171 2258 item
183 2219 265 2263 dubiae,
277 2230 316 2256 nec
327 2229 368 2254 non
379 2217 512 2265 pervicaciae
525 2217 612 2254 criteria
629 2228 692 2254 nosse
704 2220 798 2265 oportet,
817 2216 841 2253 de
857 2215 930 2264 quibus

118 2281 162 2329 jam
174 2281 262 2332 egimus.
275 2279 326 2316 Utut
343 2284 412 2316 antem
429 2276 469 2315 hae
480 2278 568 2328 regulae
580 2278 600 2315 in
613 2289 635 2315 se
648 2276 794 2315 consideratae
806 2276 877 2314 clarae
889 2274 932 2311 sint

123 2342 237 2388 ethreues,
256 2352 307 2378 usus
325 2345 394 2377 tamen
413 2338 532 2376 earumdem
549 2337 706 2377 difficultatibus
726 2337 879 2385 circumseptus
899 2340 932 2372 est

122 2415 163 2440 non
175 2403 267 2454 exiguis;
287 2401 364 2439 etenim
383 2400 461 2450 agnitio
481 2400 545 2437 animi
557 2400 643 2448 jamjam
662 2398 773 2442 emendati,
791 2397 825 2433 vel
842 2396 932 2433 nondum

123 2463 226 2500 emendati
236 2475 272 2500 res
285 2461 375 2499 omnium
387 2459 509 2497 difficillima
521 2465 560 2496 est.
580 2459 631 2507 Quis
644 2459 696 2496 enim
709 2457 787 2501 nescit,
807 2467 867 2505 quam
879 2455 931 2492 diffi-

123 2524 191 2562 culter
208 2530 302 2561 nostrum
319 2522 413 2570 ipsorum
432 2520 494 2557 animi
511 2525 589 2556 statum
607 2520 761 2569 agnoscamus?
782 2515 862 2563 Quanto
879 2528 931 2554 vero

122 2583 228 2622 difficilior
240 2595 275 2619 res
287 2582 335 2625 erit,
354 2582 373 2618 si
385 2581 409 2618 de
421 2585 478 2617 statu
497 2579 560 2616 animi
577 2591 641 2623 vero,
660 2578 684 2615 de
697 2576 788 2628 genuina
806 2582 827 2614 et
846 2576 932 2615 sincera

122 2644 249 2683 contritione
261 2643 346 2680 aliorum
360 2643 453 2692 agatur?
465 2639 568 2688 Quantam
580 2638 696 2682 scientiam,
709 2643 829 2676 sanctorum
840 2637 931 2687 inquam,

122 2711 220 2755 quantum
231 2710 336 2741 maturum
344 2702 452 2749 judicium,
464 2705 563 2750 quantam
574 2710 655 2737 morum
666 2698 820 2749 integritatem,
839 2702 860 2735 et
871 2708 931 2747 quam

121 2765 176 2816 pium
189 2764 299 2804 charitatis
312 2763 408 2800 affectum
420 2761 562 2812 unusquisque
575 2760 680 2805 nostrum,
698 2759 745 2798 dum
753 2758 836 2808 judices
849 2758 931 2808 agimus

84 2867 87 2870 Δ
146 2898 163 2937 1)
173 2895 236 2930 Serm.
246 2896 264 2929 8.
275 2895 298 2928 de
307 2893 403 2928 Adventu.
