2017 3193
855 111 898 156 329

93 236 220 290 Angelieae:
239 233 347 283 ‚shngelus
358 233 442 271 Domini
454 239 509 271 010.1
522 232 620 283 recogita
630 226 844 280 incomprehensibile
857 240 899 276 my·

93 299 180 339 sterium
191 294 312 332 Dominicae
323 293 488 338 lucar-nationis,
504 305 542 342 pro
555 305 593 342 quo
605 293 706 330 immenso
718 288 829 333 beneficio,
848 301 898 338 quas

93 354 454 406 1111100,10111101101000101110,
479 353 556 390 Brevis
574 365 612 401 per
637 352 771 401 quadrantem
797 350 900 387 duratura

93 417 201 457 Meditatio
213 417 325 454 veritatum
336 415 486 466 religiosarum
498 412 609 461 plurimum
622 413 783 450 commendatur.

166 478 313 516 Inhleelesiam
326 478 344 515 si
355 486 433 526 pergas
444 474 553 510 incruento
561 473 641 509 Missae
653 472 757 510 sacrificio
770 471 899 516 tenerrimis,

93 541 165 591 quibus
177 538 263 588 poteris,
276 538 344 575 sensis
355 535 443 578 amoris,
460 533 559 576 fiduciae,
577 532 665 577 doloris,
681 533 831 580 poenitentiae,
849 545 899 583 gra·

93 600 209 649 tissimique
221 599 283 636 animi
294 598 399 634 interesse
411 600 486 644 satage
498 593 537 636 ita,
550 594 608 641 quasi
620 592 696 642 inipso
709 593 819 629 Calvariae
831 600 899 630 monte

93 662 167 698 desum
175 659 280 696 Christum
292 657 428 694 emorientem
440 654 481 690 tuis
493 652 559 689 oeulis
572 664 660 690 cernere
672 652 754 689 liceret.
762 652 818 688 ‘Cum
831 659 899 689 auteur

93 719 222 770 prohibearis
239 718 320 755 Missae
338 713 443 752 sacrificio
460 713 577 756 interesse,
595 713 637 749 noli
655 712 746 755 turbari,
764 711 803 748 1100
822 723 901 760 quoque

92 782 149 819 Deus
168 778 279 830 permittit,
299 776 333 826 qui
351 776 416 812 Pater
429 780 475 811 tuus
488 779 530 818 est:
549 773 621 811 adesto
639 778 708 810 mente
727 772 774 809 huic
793 772 900 809 tremendo

93 843 170 887 Saero,
188 841 240 878 offer
259 850 305 877 cunr
324 835 435 873 sacerdote
452 834 472 871 in
488 834 563 883 spiritu
578 834 720 883 temetipsum,
741 832 863 871 commenda
881 838 901 870 te

95 904 135 943 luis
148 902 201 942 notis
214 900 338 949 amicisque,
351 897 425 948 quibus
437 896 487 934 lieet
498 908 561 934 saera
573 896 674 947 mysteria
686 895 828 946 frequentare.

165 963 283 1004 Ecclesiam
294 961 406 1012 ingressus
426 972 516 1011 asperge
529 965 549 996 te
562 971 614 1010 aqua
624 958 718 1004 lustrali,
736 964 756 996 et
774 970 811 995 ora
822 958 900 1003 Deum,

93 1036 115 1067 ut
132 1034 152 1066 te
170 1027 194 1064 ab
213 1024 307 1063 0011111100
325 1028 459 1072 pcccatorum
475 1021 561 1059 maculis
577 1033 670 1073 purgare
683 1020 739 1058 velit.
756 1020 836 1058 Exinde
848 1020 902 1059 Jesu

94 1089 180 1128 Christe
192 1088 212 1124 in
232 1084 504 1122 001111111081011010010
521 1083 633 1121 verissime
649 1082 757 1133 praesenti
776 1083 852 1120 00110111
868 1094 901 1120 00-

92 1161 176 1200 premae
188 1147 263 1184 latriae
275 1152 367 1195 praesta.
386 1144 463 1193 Quodsi
475 1145 534 1182 niodo
547 1157 586 1182 uon
598 1145 634 1183 liat
647 1145 736 1183 Sacrum
748 1144 842 1188 Missae,
860 1156 901 1181 me·

93 1211 159 1247 ditare
172 1208 196 1245 de
206 1208 309 1261 iunnensa
321 1206 423 1244 charitate
435 1207 488 1243 Jesu
501 1205 581 1243 Christi
594 1218 646 1257 erga
658 1212 689 1250 tc,
708 1205 741 1242 vel
759 1204 828 1242 recita
844 1205 902 1242 Lita-

92 1270 137 1306 nlas
150 1268 191 1305 SS.
204 1266 297 1304 Nominis
315 1266 375 1303 Jesu.
400 1268 458 1302 Intra
475 1266 590 1303 Missurum
609 1266 720 1309 solemnia,
739 1271 837 1314 quantuni
854 1265 902 1302 fieri

91 1329 151 1372 lieet,
170 1339 207 1364 ora
226 1339 272 1364 cum
291 1326 425 1363 sacrificante
443 1325 553 1362 sacerdote
564 1340 569 1370 ,²
593 1338 632 1374 quo
651 1337 709 1362 aram
727 1326 836 1362 osculante
853 1331 902 1373 post

92 1399 202 1425 ascensum
215 1386 240 1423 ad
252 1385 372 1423 [1111011001
383 1386 463 1422 Missae
474 1385 550 1422 invoca
565 1397 594 1421 ss.
606 1386 724 1433 Martyres,
744 1397 830 1433 quorum
845 1384 901 1422 Reli-

93 1447 152 1496 quiae
170 1446 276 1495 pretiosac
293 1445 314 1481 ⁴in
334 1457 371 1482 ara
388 1446 464 1488 latent,
481 1450 503 1481 ut
522 1444 574 1493 apud
585 1445 653 1482 Deum
671 1457 708 1493 pro
724 1451 744 1481 te
759 1444 901 1488 intercedere

92 1507 145 1544 elice
160 1505 286 1543 desiderium
302 1505 437 1542 1010101000
450 1504 665 1555 Christisanguinent
684 1511 740 1542 tuum
755 1503 900 1553 profundendi.

91 1568 142 1604 Post
153 1564 280 1617 Epistulam
292 1565 387 1602 ministro
399 1565 548 1614 respondente:
562 1566 620 1603 „Deo
630 1565 724 1616 gratias’'
738 1577 778 1615 age
791 1571 811 1601 01
823 1571 845 1601 10
856 1566 902 1602 Deo

92 1627 173 1679 gratias
186 1639 222 1676 pro
235 1626 343 1671 doctrinis,
355 1625 508 1676 Prophetarum
521 1631 542 1662 et
552 1626 702 1675 Apostolorum
714 1638 751 1663 ore
764 1631 784 1662 01
796 1625 834 1662 tibi
846 1638 901 1664 00111-

94 1688 211 1728 manicatis.
228 1686 350 1738 1100000110
365 1688 476 1727 insonante
493 1687 525 1727 die
540 1688 622 1740 gratias
634 1688 688 1727 Jesu
700 1700 737 1739 pro
751 1687 845 1726 omnibus
858 1687 902 1738 ejus

91 1752 223 1797 veritatibus,
236 1751 335 1801 exemplis
348 1758 410 1802 atque
421 1751 536 1790 beneficiis.
553 1751 670 1790 Deficiente
682 1745 781 1802 sprrtbolo
793 1749 902 1798 Nicaeae,

92 1814 144 1865 quod
163 1813 263 1852 sacerdos
281 1813 367 1859 recitat,
387 1819 425 1851 ora
444 1814 531 1851 saltem:
551 1813 635 1852 „Credo
652 1813 673 1851 in
693 1826 754 1851 unum
765 1814 833 1851 Deum
849 1813 902 1852 etc.’'

91 1877 145 1913 Dunr
159 1872 302 1926 Offertorlrrm
314 1874 351 1913 fiat
361 1875 382 1913 in
394 1875 462 1921 altari,
475 1877 527 1913 offer
540 1875 628 1914 animum
641 1882 696 1913 tuum
710 1888 755 1914 00111
767 1875 902 1914 facultatibus

92 1937 146 1982 suis,
165 1949 241 1986 eorpus
256 1942 313 1973 tuum
332 1950 377 1975 cum
397 1937 494 1974 sensibus
510 1937 566 1981 0010,
584 1950 621 1975 001·
638 1949 684 1976 cuni
699 1936 809 1974 affectibus
822 1943 842 1974 et
852 1949 902 1987 pro·

92 1997 238 2047 pcnsionibus,
256 2003 321 2033 totum
336 2004 433 2048 quantum
450 1998 588 2046 temetipsum.
609 1997 842 2035 Trunssebstmttiatt'o
861 1998 903 2035 sin·

92 2058 187 2109 gularem
200 2063 294 2095 01010101·
307 2058 452 2104 attentionem,
470 2059 532 2096 offert
549 2059 684 2108 semetipsum
695 2060 753 2096 Deus
765 2057 826 2096 homo
838 2058 903 2096 10000

93 2118 190 2156 Christus
202 2118 262 2155 Patri
273 2130 317 2155 suo.
336 2119 388 2157 Cum
403 2131 432 2156 ss.
448 2119 524 2157 Hostia
540 2119 642 2165 elevatur,
659 2125 797 2169 repraesenta
812 2119 902 2157 11111010-

41 2194 43 2199 ¹
92 2179 257 2216 011101101111000
266 2178 346 2217 Christi
357 2180 378 2216 in
389 2180 480 2228 patibulo
494 2180 569 2217 Crucis
581 2180 698 2230 pendentis,
712 2191 816 2228 exoraque
824 2180 903 2227 Ipsum,

93 2246 115 2276 ut
127 2245 233 2282 secumte
249 2238 328 2283 trahat3
348 2240 420 2277 Calice
439 2240 507 2276 divino
520 2241 602 2277 elevato
614 2240 710 2277 fiduciam
727 2252 789 2287 cape:
809 2239 903 2290 Sanguis

92 2300 145 2336 1000
164 2298 244 2335 Christi
263 2299 339 2335 clamat
349 2299 410 2335 Patri
425 2299 449 2335 de
464 2299 535 2349 gratia
548 2305 568 2335 et
582 2299 720 2349 indulgentia.
736 2299 768 2335 Ad
779 2297 902 2349 Menocrito,

91 2364 202 2398 incruento,
213 2364 234 2394 et
251 2364 273 2394 tu
292 2358 436 2395 deiunctorum
451 2364 571 2406 parentum,
589 2359 713 2402 amicorum,
731 2358 903 2403 bencfactorum,

91 2418 131 2455 huo
145 2424 166 2455 et
177 2418 278 2463 oninium,
296 2418 329 2467 qui
346 2425 365 2456 te
381 2418 519 2455 offenderunt.
536 2417 568 2455 Ad
581 2418 666 2457 „Pater
677 2418 767 2456 tractem
784 2431 821 2456 ora
837 2425 903 2457 atten-

92 2479 179 2516 tissime.
196 2479 228 2517 Ad
241 2478 349 2518 ,1110101110
364 2491 408 2517 11011
422 2491 472 2517 sarra
488 2478 578 2528 elipeum
597 2485 684 2529 percute
702 2486 776 2529 pectus
789 2486 845 2517 tuum
858 2493 904 2518 enm

91 2540 211 2589 publicano,
225 2540 274 2579 etsi
286 2553 326 2579 non
338 2541 410 2592 reipsa
423 2540 584 2579 Sacramentum
596 2540 631 2579 Ss.
645 2541 741 2592 corporis
754 2547 774 2579 et
787 2540 904 2593 Sanguinis

91 2601 145 2640 Jesu
162 2602 242 2642 Christi
257 2617 341 2643 sumere
356 2611 427 2656 potes,
449 2603 578 2644 communica
594 2604 669 2643 saltem
685 2603 766 2655 spiritu.
788 2603 905 2643 Sacerdote

92 2662 231 2705 benedicente
242 2668 328 2717 populu,
340 2668 458 2720 imaginare
470 2667 508 2706 tibi
519 2667 601 2713 100001,
615 2680 675 2718 quem
687 2680 771 2718 semper
782 2667 802 2705 in
814 2679 904 2718 persona

92 2726 209 2764 sacerdotis
222 2729 358 2769 considerare
371 2730 441 2775 decet,
454 2736 502 2768 ante
514 2742 625 2768 ascensum
637 2730 729 2768 suumin
742 2730 829 2774 coelunt,
842 2729 903 2766 disci·

92 2785 145 2834 pulis
157 2787 200 2824 suis
212 2788 377 2830 benedicentem.
390 2789 445 2829 Dum
456 2791 558 2830 0111100111
569 2792 648 2844 legitur
655 2790 808 2840 annpele'tcm,
821 2790 903 2840 gratias

93 2858 133 2896 age
145 2847 209 2891 Jesu,
227 2851 278 2899 quod
293 2851 352 2890 homo
365 2853 392 2890 sit
404 2853 473 2891 factus
485 2865 523 2902 pro
536 2852 602 2890 nobis.
