2017 3193
881 101 910 145 93

97 231 141 262 nec
152 231 184 260 ne.
198 220 222 264 Si
233 219 328 271 primum,
341 219 444 259 exhibebit
455 218 495 269 ipsi
506 220 647 259 testimoninm
655 231 736 258 morum
740 218 803 268 juxta
814 216 910 255 notitiam

103 283 185 323 aliunde
205 283 313 327 haustam3
332 282 350 319 si
371 283 470 326 alterum,
488 281 629 319 testimonium
649 284 700 321 dare
722 279 805 331 nequit3
828 284 912 316 moneat

103 352 172 383 tamen
184 343 208 381 de
221 355 292 387 causa,
304 355 330 381 ne
342 343 466 381 offendatur.

180 401 201 443 8.
212 405 359 443 Confessarius
372 405 397 442 ad
409 402 554 443 confessiones
561 402 697 440 audiendasin
709 405 786 456 exiguo
798 401 911 455 pagoinvi-

103 473 167 505 tatur.
180 466 259 504 Narrat
271 467 295 504 ad
306 478 407 510 mensam,
419 477 442 502 se
453 463 515 500 hodic
526 463 638 501 maximam
648 469 728 512 partem
736 465 827 502 audiisse
835 463 911 515 gravia

103 533 198 578 peecata,
211 527 319 573 adulteria,
331 528 388 565 furta
400 533 440 564 etc.
453 546 483 552 —
494 524 567 562 Violat
577 524 679 562 indirecte
691 524 783 575 sigillum
795 524 911 564 confessio·

104 589 148 635 nis;
160 601 207 626 nam
219 589 268 627 talia
278 590 344 628 verba
355 587 462 625 infamiam
475 591 564 624 causant
575 584 724 623 communitati.
736 607 766 612 —
779 586 835 624 Idem
846 587 911 630 valet,

105 651 153 688 siv.
167 663 188 701 g.
201 651 344 689 confessarius
363 644 445 693 narret,
458 659 481 684 se
492 647 513 684 in
528 646 660 685 confessione
676 658 711 683 res
729 646 861 695 turpissimas
885 647 909 685 de

106 712 192 761 quodam
205 718 307 750 conventu
314 711 348 747 vel
355 708 458 746 societate
470 708 575 753 audiisse3
587 708 658 745 -vel
670 707 760 745 sidicat:
774 707 876 755 „Jamjam
885 721 911 745 ex

106 773 256 811 confessionali
267 771 362 809 abiturus
374 782 442 815 eram,
462 782 508 807 cum
521 769 587 807 adhuc
598 781 652 806 unus
663 768 711 805 inde
723 781 735 806 a
751 768 840 818 quinque
852 769 910 806 annis

105 846 145 871 non
157 834 267 872 confessus
278 831 387 876 veniret;'’
407 831 531 881 contingere
544 830 598 867 enim
609 836 691 879 posset,
706 836 729 867 ut
741 830 802 873 alter,
818 830 852 880 qni
864 842 911 867 cou-

97 895 217 934 fossarium
228 894 279 931 talia
293 893 411 942 loquentem
423 891 494 937 audiit,
505 892 645 941 poenitentem
656 890 733 928 viderit
745 896 766 927 et
777 890 912 940 cognoverit3

104 962 177 993 -aut
187 955 260 1004 paucis
272 960 353 991 tantum
365 952 512 990 confitentibus
524 964 587 990 aures
601 953 714 1001 praehens:
734 951 815 990 „Hodie
834 951 912 989 adulte·

104 1018 157 1055 rium
172 1016 193 1053 in
209 1014 342 1054 confessione
359 1012 409 1051 mihi
422 1013 528 1059 obvenit;”
548 1012 624 1051 etenim
637 1012 728 1062 suspicio
741 1012 816 1049 saltem
828 1013 853 1050 de
864 1024 911 1062 per·

104 1090 156 1115 sona
168 1076 220 1114 oriri
231 1081 310 1126 posset.
739 1109 741 1113 .

181 1134 201 1175 9.
215 1136 363 1175 confessarius
375 1147 415 1173 non
427 1136 508 1186 quidem
519 1135 612 1173 nominat
621 1141 738 1186 peccatum,
751 1141 841 1173 attamen
854 1135 911 1180 dicit,

105 1211 128 1236 se
139 1200 203 1236 Petro
217 1197 368 1235 absolutionem
380 1197 505 1248 denegasse,
520 1197 585 1234 Paulo
597 1208 735 1248 prorogasse,
753 1196 850 1234 Andreae
860 1209 912 1247 gra-

105 1272 151 1298 vem
172 1259 338 1297 satisfactionem
355 1257 478 1306 injunxisse.
505 1280 535 1285 -
558 1257 631 1295 Violat
651 1257 743 1308 sigillum
766 1257 912 1302 confessionis,

105 1321 153 1371 quia
165 1320 200 1357 alii
215 1333 241 1357 cx
254 1319 287 1356 his
303 1319 364 1357 dictis
380 1318 405 1355 ad
422 1325 533 1368 peccatum
548 1330 615 1369 grave
630 1319 654 1356 ab
670 1319 696 1355 iis
715 1318 859 1364 commissum,
878 1325 913 1356 aut

92 1382 180 1419 -saltem
192 1381 217 1419 ad
229 1393 302 1418 eorum
313 1380 492 1428 indispositionem
508 1379 632 1419 concludere
650 1385 745 1428 possunt.
761 1380 848 1428 Insuper
864 1392 912 1431 gar·

105 1442 211 1480 rulitatem
224 1442 285 1479 talem
297 1453 335 1490 pro
348 1453 371 1477 se
382 1440 433 1489 ipsis
445 1441 554 1485 timerent,
573 1446 594 1477 et
606 1452 618 1478 a
633 1440 765 1478 confessione
780 1440 913 1478 deterreren-

105 1509 147 1547 tur,
159 1502 194 1552 qui
204 1501 257 1540 haee
269 1501 372 1540 audirent.

129 1575 131 1578 ·
183 1559 217 1601 10.
237 1562 346 1600 Parochus
366 1561 416 1609 Cajo
434 1563 525 1613 denegat
546 1563 699 1600 absolutionem
721 1569 742 1600 et
762 1562 868 1612 prohihet,
888 1575 913 1600 ne

106 1636 189 1662 sacram
207 1623 377 1661 Oommunionem
396 1624 495 1668 accedat;
517 1629 661 1661 verumtamen
679 1623 714 1660 ille
733 1630 840 1673 comparet
857 1624 913 1661 inter

106 1685 157 1723 alios
173 1684 363 1722 communicantes..
380 1682 432 1731 Quid
448 1685 564 1735 agendum?
590 1684 759 1722 eommunionem
775 1696 857 1722 sacram
873 1697 912 1722 non

106 1745 218 1796 denegabit
232 1744 351 1795 parochus,
370 1745 418 1794 quia
433 1745 472 1783 hoc
491 1758 542 1784 casu
556 1745 639 1795 publice
654 1757 700 1783 eum
715 1736 842 1791 diffamaret,
859 1752 880 1783 et
895 1746 914 1783 si

106 1807 150 1844 fors
162 1806 198 1844 alii
208 1807 276 1856 ipsum
286 1805 377 1844 viderint
392 1807 533 1852 confitentem,
549 1806 641 1857 sigillum
654 1806 793 1845 confessionis
810 1807 912 1845 indirecte

105 1867 201 1904 violaret.
220 1868 318 1904 Ceterum
335 1868 357 1904 in
375 1879 454 1917 genere
478 1880 517 1905 non
536 1868 586 1919 licet
602 1868 632 1905 uti
647 1867 721 1905 notitia
736 1867 877 1906 confessionis
892 1868 911 1905 in

106 1928 364 1979 gravamenpoenitentis.

184 1986 218 2028 11.
234 1987 343 2026 Parochus
362 2001 388 2026 ex
403 1989 536 2028 confessione
552 1995 633 2028 certum
647 1989 720 2034 habet,
740 1990 796 2026 inter
810 2002 912 2039 personas

106 2050 165 2088 modo
191 2049 346 2088 matrimonium
374 2049 463 2088 inituras
488 2050 657 2101 impedimentum
683 2050 782 2088 dirimens
811 2051 911 2089 obtinere.

105 2111 206 2149 Declarat
223 2111 275 2160 ipsis
291 2122 342 2160 opus
358 2123 406 2148 esse
425 2117 557 2161 exspectare,
575 2112 640 2150 donec
656 2111 783 2161 dispensatio
801 2111 913 2162 impetrata

106 2171 175 2210 fuerit.
186 2171 315 2209 Promittunt
327 2171 416 2221 quidem,
435 2179 468 2210 ast
486 2172 618 2210 nihilomiuus
631 2185 677 2211 curn
689 2173 779 2210 testibus
797 2177 817 2209 et
835 2185 912 2223 cogna·
930 2180 932 2183 ’

106 2233 133 2271 tis
144 2231 231 2270 veniunt
254 2232 276 2269 in
294 2232 412 2270 Ecclesiam
433 2239 454 2270 et
474 2233 657 2272 sacramentaliter
680 2233 779 2283 conjungi
799 2234 911 2282 postulant.

106 2296 138 2333 An
160 2300 244 2332 tenetur
263 2293 368 2343 parochus
385 2306 420 2331 eas
441 2295 584 2346 conjungere?
599 2317 629 2322 -
645 2294 742 2332 Violaret
756 2294 849 2345 sigillum
865 2307 913 2334 con-

106 2355 219 2401 fessionis,
236 2355 255 2393 si
272 2366 297 2393 ex
313 2354 353 2394 lroc
368 2355 428 2393 titulo
444 2355 489 2392 solo
504 2355 671 2394 benedictionem
686 2355 861 2394 matrimonialem
879 2356 914 2395 de·

106 2423 203 2469 negaret.

140 2503 163 2527 ··.
180 2475 219 2516 12.
231 2477 340 2516 Parochus
352 2490 378 2515 ex
390 2478 523 2516 confessione
535 2478 607 2516 famuli
624 2478 658 2515 sui
670 2478 753 2529 aegroti
764 2478 838 2524 rescit,
854 2492 877 2516 se
889 2479 914 2516 ab

106 2539 248 2590 ipso—saepius
261 2552 312 2577 esse
327 2540 442 2589 deceptum.
459 2541 558 2578 Famulus
573 2540 660 2578 sanitati
673 2540 802 2584 restituitur,
819 2547 839 2578 et
853 2553 914 2590 paro-

108 2601 162 2639 chus·
171 2614 217 2639 eum
225 2602 284 2640 domo
297 2614 335 2639 sua
342 2602 407 2651 pellit,
417 2602 465 2652 quin
472 2602 512 2639 alia
520 2602 628 2652 assignari
636 2602 703 2651 possit
711 2614 782 2645 causa,
795 2614 855 2651 quam
866 2615 915 2652 pec-

107 2669 201 2709 catorum
214 2663 325 2702 confessio.
341 2685 372 2690 -
385 2663 459 2701 Violat
470 2663 563 2714 sigillum
575 2662 722 2707 confessionis,
738 2662 786 2713 quia
800 2663 874 2706 notitia
890 2677 915 2704 ex

106 2725 238 2771 confessione
250 2725 325 2763 hausta
337 2726 402 2764 utitur
414 2726 434 2763 in
447 2725 528 2764 actibus
544 2725 638 2769 externis
651 2738 697 2764 cum
709 2724 832 2776 gravamine
843 2725 913 2776 poeni·

105 2784 177 2822 tentis.
190 2786 299 2825 Consimili
310 2787 370 2825 modo

183 2843 217 2885 13.
231 2849 333 2898 Superior
346 2848 539 2900 Ordinis-‘religiosi
549 2848 619 2895 ¹fratri
632 2851 739 2898 Anonymo
756 2848 836 2899 aliquod
851 2848 913 2886 bene-

105 2904 175 2953 ficium
180 2930 182 2934 ν
195 2910 299 2959 promisit·
309 2909 355 2950 -Hic
364 2909 501 2958 infirmat-ur,-
510 2917 531 2950 et
540 2910 628 2950 fortuito
642 2911 760 2964 contingit,
768 2909 914 2960 ut=Superiori
923 2933 927 2937 >
