2056 3193
141 81 186 129 260

141 200 226 240 Haecce
239 201 270 237 ris
283 212 321 237 non
334 199 389 237 inest
401 198 499 248 operibus
511 196 676 245 misericordiae,
685 208 786 252 quatenus
797 200 912 251 procedunt
923 214 949 240 ex

141 275 198 300 mere
211 261 302 298 naturali
313 260 456 306 inclinatione,
474 261 610 299 subveniendi
621 262 719 299 miseriae
732 263 830 311 proximi,
848 263 884 301 sed
900 276 948 313 qua-

141 329 201 359 tenos
214 334 225 359 a
237 319 325 372 Spiritu
336 324 413 359 saneto
431 333 471 359 non
490 323 570 372 quidem
588 322 727 367 inhabitante,
747 325 782 361 sed
802 331 896 363 movente
912 337 948 362 cor

139 383 269 431 peccatoris,
288 395 325 431 per
341 382 441 420 auxilinm
456 383 539 433 gratiae
555 384 643 421 actualis
661 385 766 431 1119111111
781 385 873 431 dicerint,
892 392 912 422 11
924 385 948 422 ad

138 444 207 480 Deum
219 445 320 480 1111111111
332 443 454 493 placandum
466 444 614 492 peccatorique
630 443 807 481 reconciliamlum
819 446 947 484 referuntur.

139 504 196 541 Inter
209 505 277 541 omnia
289 505 446 543 misericordiae
460 516 523 553 opera
536 504 612 541 eminet
623 504 740 541 voluntaria
753 516 764 540 a
775 506 869 553 proximo
881 507 947 544 illata-

139 577 185 602 rum
196 565 321 613 injuriarum
332 566 440 603 remissio:
454 565 578 609 „Dtrnititre
592 571 612 601 et
624 565 739 602 dimittetur
750 565 830 602 vohis.³’
843 590 873 595 -
883 569 947 605 Mise-

139 625 243 663 ricordiae
263 639 328 676 opera
343 626 460 674 corporalia
478 631 498 662 et
517 626 635 674 spiritualia
652 626 672 663 in
685 625 812 664 catechismo
825 627 948 666 exhibentur

139 686 235 724 fidelihus
248 688 388 738 suggerenda.
412 687 443 722 De
461 685 494 722 his
506 687 562 723 valet
573 686 622 723 illud
635 687 657 724 S.
669 686 783 736 Augustini
795 688 892 725 effatum:
909 702 948 726 non

140 748 206 785 solum
219 749 253 797 qui
265 749 299 785 dat
311 747 412 784 esurienti
424 747 505 791 cibum,
524 747 603 783 sitienti
619 753 699 796 potum,
718 747 771 783 nudo
790 748 947 794 vestimentum,

138 808 284 858 peregrinanti
296 807 418 857 hospitium,
431 807 521 858 fugienti
532 808 647 853 latibulum,
660 819 725 858 aegro
737 808 770 844 vel
782 808 863 845 incluso
875 809 947 847 visita-

138 868 225 912 tionem,
239 869 319 917 captivo
332 868 493 913 redemtionem,
505 868 567 905 debili
579 869 746 912 subvectionem,
766 881 829 906 coeco
842 869 947 907 deductio-

138 940 194 973 nem,
207 929 264 966 tristi
277 930 451 973 consolationem,
469 941 571 965 non-sano
584 929 702 978 medellam,
723 929 802 966 erranti
813 930 878 973 viam,
898 931 947 967 deli-

138 989 220 1026 heranti
232 990 348 1034 consilium,
361 996 382 1027 et
394 990 447 1038 quod
460 990 532 1038 cuique
545 990 690 1027 necessarium
702 995 741 1033 est,
749 989 862 1040 indigenti:
874 1003 947 1027 verum

138 1049 211 1095 etiam,
225 1051 258 1099 qui
270 1050 304 1087 dat
314 1050 396 1087 veniam
408 1050 514 1097 peccanti,
527 1051 680 1098 eleemosynam
692 1050 738 1087 dat’'
747 1048 773 1096 ¹),

212 1110 290 1158 Quodsi
305 1109 449 1148 confessarius
468 1111 546 1147 sensim
557 1111 712 1148 accuratiorem
723 1110 848 1159 poenitentis
861 1112 946 1160 ejusque

138 1176 205 1207 status
218 1177 238 1207 et
249 1183 320 1208 rerum
333 1170 495 1208 domesticarum
507 1171 602 1208 notitiam
614 1171 654 1208 sihi
666 1171 831 1219 comparaverit,
843 1171 896 1208 haud
909 1172 946 1208 dif-

136 1230 191 1268 ficile
204 1231 245 1268 erit
256 1232 333 1275 eidem,
346 1230 449 1280 speciales
461 1232 514 1268 hene
526 1231 626 1280 operandi
638 1243 700 1269 casus
713 1231 831 1281 assignare.

137 1335 274 1379 Compensatio
288 1338 350 1371 damni
364 1337 406 1370 aliis
421 1346 534 1380 quocunque
548 1338 606 1370 inodo
621 1338 678 1378 illati,
696 1338 738 1370 sive
757 1341 850 1380 respectu
867 1347 947 1380 posses-

162 1386 232 1426 sionis,
247 1386 289 1419 sive
303 1387 393 1424 honoris,
407 1386 497 1418 strictum
511 1387 627 1428 poenitentis
642 1386 726 1419 officium
740 1390 777 1418 111.
795 1387 869 1427 Quodsi
883 1391 947 1419 autem

161 1434 197 1466 hoc
208 1434 296 1474 justitiae
310 1435 394 1467 officium
409 1435 528 1476 expleverit,
543 1439 576 1467 aut
585 1435 654 1468 saltem
665 1434 766 1467 consilium
776 1434 854 1467 cuilibet
864 1435 946 1467 debitam

160 1482 314 1516 satisfactionem
327 1483 438 1526 praestandi
452 1484 535 1525 ceperit,
550 1483 644 1526 illudque,
659 1487 749 1526 quantum
760 1483 835 1525 quidem
845 1484 946 1526 hucusque

161 1529 202 1563 11111
215 1535 302 1573 poterat,
317 1531 425 1564 executioni
440 1531 525 1571 dederit,
544 1536 588 1564 1111
602 1532 713 1564 instituatur
727 1531 749 1563 ad
765 1532 873 1564 exercenda
886 1541 954 1574 opera‘

160 1579 267 1620 alteritatis,
282 1590 331 1623 quae
342 1580 431 1623 opposita
441 1584 486 1612 sunt
496 1580 532 1612 illis
542 1580 606 1620 vitiis,
621 1580 689 1623 quihus
699 1580 799 1622 hueusque
809 1581 912 1613 servierat.

531 1705 555 1741 B.

339 1820 510 1875 Satislactionis
531 1837 600 1890 opere
620 1821 737 1890 specialia.

211 1944 228 1997 ξ.
243 1942 293 1984 180.
310 1946 399 1987 Praeter
412 1945 565 1983 satisfactionis
578 1958 641 1995 opera
651 1944 776 1994 penetralia,
795 1958 846 1995 quae
859 1958 945 1984 conver-

137 2006 202 2044 sionis
215 2013 236 2044 et
246 2007 382 2056 perfectionis
395 2006 522 2045 christianae
534 2006 627 2044 remedia
639 2013 687 2044 sunt
699 2012 719 2043 et
731 2007 834 2057 subsidia,
850 2020 901 2057 opus
914 2014 947 2045 est

136 2080 216 2117 quoque
229 2068 327 2105 adhibere
338 2067 453 2118 specialia,
462 2080 513 2116 quae
525 2074 598 2105 contra
606 2067 743 2116 particularia
753 2057 841 2116 peccata
850 2069 945 2119 dirigun-

135 2134 176 2173 tur,
195 2136 216 2166 et
227 2129 329 2167 adversus
345 2128 473 2178 peculiarem
486 2128 548 2165 animi
560 2128 713 2180 aegritudinem
725 2128 801 2166 valent.
824 2129 882 2166 Inter
894 2129 946 2167 haec

134 2191 223 2239 primum
235 2191 302 2229 locum
315 2191 395 2229 obtinet
407 2190 514 2228 contraria
526 2190 599 2240 cuique
611 2190 660 2228 vitio
673 2191 755 2234 virtus;
774 2196 796 2227 ut
808 2191 861 2228 enim
874 2192 946 2228 clavus

136 2252 193 2288 claro
202 2252 293 2301 pellitur,
303 2258 323 2288 et
330 2251 437 2290 contraria
444 2252 556 2289 contrariis
565 2258 673 2297 curantur,
681 2252 711 2288 ita
723 2251 803 2299 pariter
815 2251 835 2287 id
846 2251 914 2300 ipsum
925 2252 946 2289 in

135 2313 191 2350 vitiis
201 2313 299 2351 curandis
308 2313 355 2351 sieri
363 2313 482 2364 quotidiana
494 2313 624 2362 experientia
637 2312 733 2350 ostendit.
745 2312 813 2348 Porro
826 2318 946 2350 monstrare

132 2373 192 2420 juvat
204 2375 303 2424 cujusque
316 2376 363 2412 vitii
375 2374 494 2411 foeditatem
507 2387 533 2411 ex
544 2374 671 2423 specialilius
682 2373 738 2410 illius
750 2373 913 2421 proprietatibus
926 2380 947 2411 et

137 2435 255 2481 effectibus3
275 2441 297 2473 11
314 2436 333 2473 11
345 2448 362 2473 e.
381 2448 401 2486 g.
421 2435 551 2480 ostendatur,
570 2447 629 2485 quam
645 2435 745 2472 absonum
758 2440 778 2471 et
793 2435 906 2472 absurdum
919 2436 946 2474 sit

137 2497 245 2544 superbire
260 2498 285 2534 oh
301 2498 364 2543 dona,
384 2509 436 2547 quae
450 2509 491 2533 non
510 2502 558 2533 sunt
575 2496 671 2545 propria,
690 2496 727 2533 sed
738 2502 832 2533 mutuata
843 2502 947 2536 tantuma

136 2556 181 2592 Deo
188 2570 193 2601 3
207 2569 290 2596 avarum
304 2570 438 2611 congregare
451 2558 535 2595 divitias
547 2557 567 2594 in
580 2558 632 2603 loco,
642 2558 675 2595 uhi
687 2570 726 2595 non
739 2563 772 2594 est
784 2569 895 2594 nransurus
905 2558 945 2605 diu,

136 2617 247 2669 negligere
260 2627 327 2658 autem
339 2632 398 2670 opes,
418 2632 469 2670 quas
481 2632 553 2657 secum
569 2620 677 2669 accipere,
696 2620 763 2668 iisque
781 2626 888 2657 aeternum
904 2620 946 2658 frui

134 2685 206 2730 potest
218 2685 257 2717 etc.
276 2683 370 2733 Denique
382 2682 492 2731 plurimum
504 2682 569 2727 valet,
586 2681 709 2732 singillatim
722 2680 746 2717 ad
759 2679 797 2717 hoc
809 2682 842 2717 vel
853 2681 904 2719 illud
916 2682 958 2726 vi·>

135 2743 186 2779 tium
205 2742 361 2791 exstirpandum
380 2750 400 2781 et
418 2744 518 2781 virtutem
535 2735 656 2788 fovendam,
675 2744 722 2780 loca
735 2741 756 2779 S.
771 2743 906 2792 Scripturae‚
926 2750 946 2781 11

160 2877 175 2916 1)
185 2877 215 2910 De
225 2875 272 2917 fide,
287 2885 322 2919 spe
332 2880 351 2909 11
361 2878 453 2910 charitate
463 2886 479 2911 1.
490 2879 520 2911 62.
