2017 3193
857 104 901 149 289

94 236 141 261 nem
152 225 297 271 peccatorum,
310 220 329 258 si
340 234 394 267 eam,
406 228 469 272 prout
483 228 575 272 oportet,
592 220 698 260 humiliter
710 232 735 259 ao
746 220 855 257 ferventer
866 233 902 269 po-

94 283 160 320 stulet
170 293 208 329 per
219 280 304 318 viscera
315 282 474 321 misericordiae
487 283 539 330 ejus,
555 294 595 320 nee
607 295 647 320 non
658 295 696 332 per
708 281 784 318 merita
795 280 902 329 passionis

93 341 178 379 Domini
189 341 258 389 nostri
268 341 322 379 Jesu
335 343 428 380 Christi?
444 342 492 378 Etsi
504 348 573 378 autem
584 331 712 390 poenitens,
724 342 758 391 qni
775 342 809 378 vel
827 340 848 377 in
868 340 902 377 de-

94 401 235 450 sperationem
247 401 318 450 lapsus
333 408 376 446 est,
391 403 425 438 vel
444 401 502 438 circa
516 401 573 437 illam
584 407 689 445 tentatur,
704 401 806 439 hactenus
820 400 902 437 divinae

94 461 177 513 gratiae
188 461 230 499 vim
246 462 337 508 eliserit,
356 462 454 501 continuo
472 461 493 497 in
511 467 600 510 peecata
616 461 738 506 relabendo,
755 462 843 512 ideoque
862 456 903 498 sibi

93 523 197 572 videatur,
217 515 270 576 quod
280 538 318 566 nee
331 525 429 576 deinceps
442 536 466 562 ea
477 523 530 562 bene
543 535 621 561 usurus
633 522 661 562 sit
673 523 697 562 ob
713 523 775 563 toties
794 529 902 575 expertam

94 587 245 640 fragilitaten15
267 589 388 639 edoccatur,
406 589 475 626 Deum
492 586 513 624 in
532 586 639 625 thesauris
658 587 702 624 suis
719 593 805 636 paratas
822 587 901 627 habere

94 651 176 700 gratias
189 658 235 689 ante
248 652 329 689 collatis
341 652 404 700 longe
417 649 561 693 efficaciores,
579 649 653 698 quibus
672 647 755 696 adjutus
772 648 832 686 bomo
852 650 902 686 eniti

92 717 162 758 potest
174 712 198 749 ad
209 712 299 760 palmam
310 710 420 747 victoriae.
438 710 510 757 Itaque
523 709 604 752 humili,
617 708 709 745 ferventi
722 720 746 745 ae
758 709 904 755 perseveranti

94 770 187 808 oratione
200 783 211 807 a
222 771 267 807 Deo
281 769 386 819 efflagitet
398 768 480 818 gratias
492 768 539 804 illas
552 768 662 812 efficaces,
681 767 754 816 quibus
772 773 792 803 et
807 767 831 804 de
842 779 903 816 prae-

93 830 162 867 teritis
180 829 298 868 sceleribus
316 828 431 865 salubriter
448 828 564 877 poeniteat,
584 834 605 865 et
623 840 634 864 a
652 827 730 864 futuris
749 827 859 864 abstineat.
878 827 905 864 Ut

92 890 257 941 rero‘promtius
270 888 366 927 exaudiri
376 888 455 933 valeat,
472 888 570 939 imploret
587 888 727 938 patrocinium
742 888 816 926 beatae
828 888 903 940 Virgi-

93 953 125 992 nis
136 953 218 994 Mariae
230 965 254 992 ac
266 951 344 991 Matris
355 951 403 990 Dei.
423 950 462 991 „Si
474 951 594 999 criminum,
602 951 636 990 ,ait
649 950 671 990 S,
684 951 815 997 BernarduS,
831 950 903 990 imma·

92 1017 157 1055 nitate
176 1017 286 1060 turbatus,
306 1015 448 1054 conscientiae
466 1014 565 1053 foeditate
584 1015 698 1061 confusus,
719 1014 795 1063 judieii
813 1014 904 1052 horrore

91 1078 231 1127 perterritus,
257 1076 359 1114 barathro
375 1069 468 1126 incipias
487 1077 598 1114 absorberi
615 1076 728 1120 tristitiae,
751 1076 904 1125 desperationis

94 1139 182 1186 abysso,
199 1136 270 1185 cogita
281 1137 371 1173 Marlam
383 1158 413 1163 —
424 1158 454 1164 —
465 1138 556 1174 Mariani
567 1138 650 1175 invoca.
662 1159 692 1164 -
703 1136 733 1162 -'-
744 1157 774 1162 —
785 1137 854 1187 Ipsum
870 1149 904 1172 ro-

93 1209 146 1246 gans
158 1208 198 1233 non
210 1196 324 1243 desperas’⁷
335 1194 361 1242 ¹).

165 1251 192 1302 4)
218 1255 301 1292 Poterit
319 1256 380 1293 etiam
400 1256 543 1293 confessarius
562 1255 704 1306 poenitentem
722 1255 903 1304 desperabnndum

93 1309 199 1356 consolari
210 1327 234 1355 ac
246 1315 266 1354 in
278 1328 336 1368 spent
349 1317 462 1364 extollere,
481 1317 547 1356 eidem
562 1316 741 1369 repraesentando
758 1328 850 1355 arnorem
864 1316 902 1355 inr-

91 1377 186 1419 mensum
198 1393 222 1420 ac
234 1379 336 1419 infinitum
348 1381 386 1420 lilii
396 1381 438 1419 Dei
448 1381 564 1428 incarnati,
582 1394 621 1432 qno
640 1393 721 1420 omnem
739 1380 842 1419 bominem
854 1394 902 1432 pro-

92 1444 194 1494 sequitur,
208 1449 229 1481 et
240 1455 300 1493 quem
311 1450 342 1482 tot
353 1444 459 1494 tantisque
472 1445 562 1482 tesseris
575 1443 725 1494 comprobavit.
744 1442 761 1480 0
774 1443 840 1482 amice
852 1456 901 1493 poe·

91 1505 171 1550 nitens,
186 1504 227 1542 noli
239 1504 327 1554 posthac
338 1505 359 1542 in
371 1505 457 1556 negotio
470 1506 545 1543 salutis
557 1511 606 1543 tuae
619 1505 699 1554 dejecto
713 1516 761 1541 esse
774 1505 848 1549 animo,
858 1505 903 1542 sed

91 1566 160 1613 potius
173 1577 219 1602 eum
231 1565 301 1614 erige,
320 1572 340 1602 et
352 1566 384 1602 die
397 1578 443 1603 curn
456 1565 478 1602 S.
491 1566 620 1615 Augustino:
635 1567 771 1613 „Desperare
783 1566 854 1613 utique
865 1577 903 1613 po-

92 1624 178 1660 tuissem
197 1629 283 1671 propter
295 1624 358 1661 nimia
373 1630 461 1672 peccata
472 1637 519 1662 mea
530 1647 560 1651 —
572 1625 652 1661 —scd
670 1625 785 1671 desperare
799 1624 844 1670 jam
862 1636 903 1660 non

92 1683 168 1728 audeo,
187 1682 243 1731 quia,
261 1695 307 1721 eum
319 1683 398 1721 inimici
410 1695 518 1728 essemus,
535 1683 669 1722 reconciliati
681 1694 753 1721 snmus
765 1695 803 1732 per
814 1689 903 1721 mortem

91 1743 128 1780 filii
146 1743 187 1789 tui,
205 1750 280 1794 quanto
298 1744 367 1796 magis
386 1744 528 1791 reconciliati,
546 1744 599 1783 salvi
617 1744 670 1783 faeti
687 1756 759 1782 sumus
776 1756 814 1794 pcr
832 1746 903 1782 Eum?

91 1806 157 1846 onrnis
170 1819 257 1859 namque
270 1820 319 1859 spes
332 1814 353 1847 et
364 1808 429 1847 totius
441 1808 529 1849 fiduciae
542 1808 645 1849 certitudo
658 1807 708 1847 mibi
726 1814 759 1847 est
772 1807 793 1846 in
808 1808 901 1859 pretioso

92 1871 196 1922 sanguine
208 1870 270 1919 Ejus,
288 1871 323 1921 qui
341 1873 421 1909 effusus
440 1878 473 1910 est
489 1878 576 1922 propter
595 1873 683 1910 salutem
702 1877 803 1908 nostram.
821 1872 844 1908 In
856 1871 902 1920 ipso

91 1932 175 1982 respiro
192 1931 244 1971 etin
256 1932 301 1982 ipso
314 1933 406 1972 confisus
419 1933 445 1972 ad
456 1940 480 1971 te
488 1934 600 1984 pervenire
612 1932 721 1972 desidero¹⁵
729 1931 756 1980 ²).

282 2050 366 2104 Contra
385 2055 503 2119 peecatum
522 2052 708 2119 praesuntionis.

165 2170 183 2224 ξ.
203 2168 253 2211 196.
270 2172 350 2211 Variae
369 2173 443 2211 dantur
461 2173 637 2224 praesumptionis
655 2173 748 2223 species,
771 2172 819 2211 hinc
840 2173 901 2211 varia

91 2223 171 2285 quoque
188 2233 281 2272 remedia
293 2234 424 2273 confessario
437 2235 461 2273 ad
473 2247 555 2274 manum
568 2247 615 2273 esse
629 2235 716 2279 debent,
733 2234 896 2284 praesumtionis

44 2351 47 2356 .
90 2298 173 2349 peceati
187 2298 231 2337 reis
245 2298 420 2349 praescribenda.
445 2298 514 2349 Quare
533 2299 552 2338 si
574 2298 718 2339 confessarius
736 2297 901 2346 animadvertat,

90 2362 230 2411 poenitentem
248 2362 345 2400 laborare
362 2363 530 2413 praesumtione,
553 2362 588 2413 qui
601 2363 631 2400 ita
641 2361 733 2411 propriis
751 2362 837 2401 confidit
847 2363 901 2401 viri·

89 2423 136 2469 bus,
153 2437 177 2462 ae
190 2424 208 2461 si
219 2423 263 2460 sine
276 2423 359 2475 gratiae
371 2424 452 2462 divinae
465 2424 566 2472 adjutorio
577 2430 650 2473 posset
668 2423 753 2473 quasvis
769 2424 900 2462 tentationes

90 2495 209 2533 superare,
226 2484 260 2521 vel
276 2497 288 2522 a
304 2489 391 2534 peccato
410 2497 527 2536 resurgere
546 2485 580 2521 vel
599 2496 663 2534 opera
675 2484 778 2522 salutaria
788 2484 901 2535 perficere,

91 2551 173 2592 oportet
183 2546 220 2591 illi,
237 2551 347 2596 postquam
359 2547 383 2585 de
395 2546 435 2585 hoo
446 2546 495 2585 fidei
507 2545 594 2584 articulo
607 2545 717 2585 convictus
729 2545 803 2592 fuerit,
815 2559 853 2596 pro
865 2559 899 2584 re-

90 2605 156 2642 medio
168 2607 359 2655 praescriberent
371 2608 427 2645 serio
439 2607 530 2645 ruminet
541 2619 617 2645 sacrae
630 2606 755 2657 Scripturas
771 2607 898 2652 testimonia,

90 2661 164 2708 quibus
179 2666 304 2714 exprimitur
319 2668 437 2705 necessitas
456 2667 538 2717 gratiae
553 2666 635 2703 divinae
649 2667 673 2704 ad
686 2666 781 2716 singulos
794 2673 854 2704 actus
867 2679 900 2703 sa·
927 2672 929 2675 “

89 2719 187 2758 lutariter
204 2725 284 2769 honos,
300 2732 323 2763 ut
340 2727 446 2776 frequenti
463 2727 546 2762 illorunr
564 2726 733 2762 testimoniorum
751 2726 899 2768 meditatione,

89 2778 153 2817 nimia
164 2780 200 2819 illa
211 2783 235 2821 dc
247 2787 338 2835 propriis
350 2787 431 2825 viribus
447 2784 572 2825 confidentia
585 2786 716 2825 excludatur.
732 2787 772 2824 Ex.
790 2799 811 2837 g.
832 2785 897 2825 „Sine

87 2871 278 2883 ’ᾕ-κ

114 2917 130 2960 1)
139 2916 197 2952 Horn.
207 2917 224 2954 2.
234 2928 305 2965 super:
320 2923 395 2959 Missus
409 2927 446 2959 est.
460 2942 483 2949 —-
497 2925 513 2967 2)
524 2922 545 2958 0.
557 2922 585 2957 11.
595 2921 662 2958 Medit.

724 2969 752 3013 19
