2056 3193
448 181 522 236 111111
539 183 639 253 practici.

217 307 235 360 ξ.
246 304 281 345 43.
305 303 323 342 1.
335 304 462 344 Bertholdus
473 314 580 355 neomysta
593 305 741 353 jurisdictione
756 311 845 347 nondum
857 311 944 347 donatus

142 374 190 417 post
200 365 336 416 primitiarum
348 365 449 403 solemnia
461 379 473 404 a
484 372 573 418 cognato
585 366 682 416 graviter
694 365 829 408 decumbente
847 376 944 422 rogatur,

142 435 165 467 nt
175 427 239 478 ipsius
252 424 406 465 confessionem
417 428 512 479 excipiat.
525 428 577 465 Num
588 426 653 473 licite,
666 438 691 466 an
701 428 786 468 valide?
798 431 823 470 R.
835 432 944 479 Neutrum,

142 491 160 530 si
172 490 223 529 alius
234 487 308 527 haberi
318 490 387 540 possit
398 491 497 530 sacerdos
504 489 703 540 jurisdictionatuS,
722 498 757 531 aut
768 494 843 533 mortis
860 496 943 545 pericu-

141 554 181 590 lum
193 563 232 589 non
245 551 306 590 adsit.

213 609 234 651 2.
247 612 378 660 Theodorus,
391 620 514 663 cooperator
525 613 683 653 Archidioecesi
694 614 810 653 Viennensi
818 617 944 668 adscriptus,

139 680 239 723 parentes
252 687 301 713 suos
311 675 392 712 visendi
404 687 467 712 causa
477 675 570 725 Pragani
587 675 736 724 proficiscitur.
754 676 807 713 Num
818 679 896 725 poterit
906 679 944 716 ibi·

140 735 186 772 dcm
197 735 266 773 valide
279 735 403 773 absolvere?
421 735 445 772 R.
458 734 567 786 Negative.
586 736 638 773 Nam
649 736 826 785 Archiepiscopus
838 737 944 776 Viennen-

139 795 170 831 sis
182 808 222 832 non
234 796 297 833 habet
304 795 471 842 jurisdictionem
483 795 609 833 ordinariam
627 795 648 831 iu
665 795 837 833 Archidioccesin
848 797 944 847 Pragen·

140 867 192 900 sem,
204 856 251 892 inde
262 866 302 891 uon
313 860 382 902 potest
393 866 438 891 11111
451 854 564 905 delegare,
583 861 604 892 et
615 853 739 892 Theodorus
756 854 796 894 hoc
807 856 853 905 ipso
868 856 944 895 ibidem

139 927 180 954 non
191 916 254 954 habet
265 914 364 953 subditos.
381 915 474 955 Petenda
486 922 518 954 est
529 916 595 968 igitur
603 915 724 967 jurisdictio
737 916 761 956 ab
779 916 944 970 Archiepiscopo

139 977 252 1032 Pragcnsi,
264 978 297 1016 vel
309 979 332 1017 ab
345 978 387 1024 illo,
400 979 434 1030 qui
446 978 556 1032 delegandi
563 980 599 1029 jus
611 979 679 1019 habet.

216 1038 236 1081 3.
254 1041 362 1080 Parochus
385 1042 481 1080 Andreas
495 1043 692 1093 ,hohenburgensis
716 1043 855 1092 parochianos
880 1056 944 1090 suos,

141 1104 261 1154 quibuscum
273 1114 355 1141 sacram
363 1103 554 1154 peregrinationem
562 1104 669 1141 Marianas
678 1103 747 1140 Cellas
759 1104 856 1149 instituit,
868 1105 943 1143 ibidem

140 1177 177 1214 pro
190 1163 320 1202 confessione
333 1163 389 1201 audit
400 1170 421 1200 et
432 1163 527 1201 absolvit.
544 1165 575 1201 An
590 1164 647 1201 licite
658 1164 786 1213 valideque?
803 1166 829 1201 R.
849 1165 943 1210 Omnino,

140 1225 187 1273 quia
197 1224 217 1261 in
229 1225 325 1272 proprios
338 1223 431 1261 subditos
444 1224 569 1261 ordinariam
580 1224 643 1261 habet
650 1223 826 1271 jurisdictionem,
839 1237 891 1274 quae
903 1238 943 1262 non

140 1284 240 1333 dependet
258 1284 282 1320 ab
302 1283 389 1321 alterius
401 1283 523 1321 dioeceseos
540 1283 640 1332 Episcopi
658 1284 814 1333 approbatione.
832 1284 856 1322 Si
875 1291 944 1322 tamen

139 1345 218 1393 publice
235 1344 256 1381 in
275 1344 367 1383 ecclesia
384 1344 459 1390 fieret,
475 1356 515 1382 non
532 1344 635 1395 requisita
652 1344 737 1383 licentia
751 1344 839 1396 parochi
856 1346 943 1393 localis,

138 1412 263 1458 peccaretur
276 1413 349 1447 contra
361 1406 484 1447 decentiam.

211 1466 232 1509 4.
244 1470 353 1510 Parochus
365 1470 552 1517 Hirtteldorfensis,
564 1471 611 1509 dum
622 1471 643 1509 in
651 1470 827 1520 alienaparochia
833 1479 943 1519 versatur,

139 1538 227 1584 rogatur
239 1545 251 1571 1
263 1533 350 1582 quodam
361 1532 417 1570 illius
428 1533 540 1581 parochiae
553 1539 655 1583 aegroto,
672 1538 694 1569 ut
707 1532 813 1570 confitenti
824 1546 862 1582 pro
880 1545 943 1571 sacro

138 1592 236 1630 tribunali
248 1605 310 1630 aures
328 1593 441 1641 praebeat,
459 1598 480 1629 et
498 1593 544 1630 aliis
562 1598 674 1641 praeterea
693 1599 781 1642 aegroto
801 1594 959 1631 administrari*

138 1653 206 1690 solitis
219 1652 364 1691 Sacramentis
376 1652 461 1690 rnuniat.
479 1653 577 1691 Facietne
591 1651 700 1689 Parochus
718 1658 829 1701 utrumque
847 1654 904 1691 licite
923 1659 944 1690 11

137 1712 223 1750 valide?
235 1714 260 1750 R.
272 1712 334 1751 Licet
346 1713 463 1761 spiritualis
475 1713 517 1750 fori
529 1712 607 1749 interni
621 1711 755 1760 jurisdictio,
773 1719 846 1751 tenore
864 1713 943 1750 instru·

137 1773 201 1811 menti
212 1774 302 1825 desuper
314 1773 360 1812 dari
378 1773 446 1820 soliti,
463 1786 501 1825 pro
520 1776 579 1813 certo
604 1771 652 1812 1111
673 1772 759 1813 concedi
777 1775 857 1821 soleat,
875 1781 943 1813 tamen

138 1836 238 1888 11111111
251 1843 295 1876 tota
307 1837 400 1877 dioecesi
411 1837 436 1876 ad
453 1832 676 1876 1111111111111111111
692 1837 853 1876 Sacramentum
869 1837 943 1876 Poeni·

138 1900 214 1938 tentiae
226 1901 283 1938 valet
296 1900 358 1950 juxta
375 1900 448 1950 praxin
462 1900 582 1952 vigentem,
601 1906 621 1937 11
638 1899 799 1949 111111111111111
816 1900 943 1938 Viennensis

139 1974 269 1999 consensum.
289 1961 516 1999 11111111111111111111
536 1960 696 1999 Sacramentum
717 1961 890 2006 administretur,
909 1973 942 1997 re·

139 2022 239 2071 quiritur,
257 2028 280 2059 ut
298 2034 344 2060 cum
356 2022 443 2071 parochi
460 2022 497 2058 fiat
513 2021 627 2070 praescita.
646 2021 669 2056 In
680 2026 752 2058 nostro
764 2033 815 2058 vero
834 2032 885 2058 casu
897 2033 943 2069 spe-

139 2081 219 2119 cialiter
232 2082 337 2119 adeundus
350 2088 383 2119 est
393 2081 498 2130 parochus
510 2081 551 2118 loci
569 2082 593 2119 ob
605 2081 714 2130 petendam
726 2080 858 2125 facultatem,
875 2080 943 2117 Viati-

139 2153 184 2179 cum
197 2148 218 2178 11
228 2141 350 2180 Unctionem
371 2148 486 2179 extremam
505 2140 578 2185 dandi,
598 2141 645 2190 quia
663 2139 737 2178 horum
756 2141 942 2179 Sacramentorum

139 2201 289 2242 administratio
303 2202 387 2253 adjura
397 2201 526 2254 parochialia
538 2208 626 2253 spectat.

213 2260 233 2305 5.
251 2266 359 2306 Paschalis
372 2272 495 2317 cooperator
507 2266 637 2313 Baadensis,
653 2266 767 2306 Professor
786 2266 942 2312 denominatus,

139 2328 184 2366 1111
196 2341 233 2366 suo
246 2329 305 2367 cedit.
324 2330 377 2367 Num
390 2328 455 2367 adhuc
474 2328 641 2376 confessionibus
654 2329 782 2378 excipiendis
801 2341 850 2366 sese
867 2328 944 2366 ibidem

140 2390 216 2426 offerre
227 2390 321 2427 valebit?
333 2392 358 2428 R.
370 2390 502 2440 Neutiquam,
518 2402 566 2427 nam
578 2403 624 2427 cum
636 2391 739 2427 amotione
749 2402 760 2426 a
771 2401 857 2426 munere
870 2401 943 2437 coope-

139 2449 217 2486 ratoris
225 2449 343 2496 jurisdictio
356 2451 439 2498 expirat
449 2462 543 2498 novaque
554 2450 642 2498 petenda
656 2455 694 2485 est.

189 2570 212 2615 1)
224 2569 304 2606 ratione
315 2575 456 2618 peccatorum.
469 2592 498 2598 —-
510 2570 634 2608 Reservatio
647 2581 733 2608 casuum
746 2569 894 2608 eonscientiae.

215 2691 233 2747 ξ.
246 2688 282 2732 44.
295 2693 345 2733 eun
356 2696 463 2735 restrictio
471 2695 626 2746 jurisdictionis
635 2694 797 2736 confessionalis
806 2695 872 2734 afficit
881 2706 942 2745 quae·

137 2759 183 2797 dam
196 2762 297 2809 peccata,
315 2757 380 2795 oritur
393 2771 479 2797 casuum
491 2759 632 2798 conscientiae
646 2759 779 2803 reservatio,
800 2769 852 2807 quae
871 2757 941 2797 defini-

136 2827 183 2859 tur:
201 2817 318 2858 subtractio
330 2820 438 2867 potestatis
450 2821 570 2858 absolvendi
582 2833 593 2858 a
608 2819 672 2857 certis
692 2819 815 2870 quibusdam
833 2820 942 2867 peccatis,

137 2882 195 2919 salva
205 2885 311 2930 potestate
323 2878 442 2915 absolvendi
454 2881 478 2917 ab
490 2880 549 2924 aliis,
567 2881 596 2917 ita
609 2887 630 2916 ut
642 2880 737 2917 minister
750 2879 872 2927 ceteroquin
886 2880 940 2929 legi-
