2056 3193
129 97 174 140 314

125 212 237 250 euriositas
250 217 289 248 est.
303 210 357 247 Sunt
369 211 404 260 qui
416 212 472 249 scire
485 213 557 249 volunt
569 218 591 249 ut
604 211 697 250 sciantur
709 214 756 263 ipsi,
769 221 789 252 et
800 213 881 250 vanitas
894 219 932 250 est.

125 273 190 317 Sunt,
208 271 242 321 qui
260 271 317 309 scire
335 273 417 317 volunt,
435 278 457 309 ut
475 272 585 311 scientiam
604 272 704 317 vendant,
723 281 743 312 ct
754 275 821 325 turpis
834 280 932 325 quaestus

125 340 164 370 est.
183 333 248 377 Sunt,
267 333 300 382 qui
313 333 369 370 scire
381 334 462 377 volunt,
481 340 501 370 nt
514 335 657 378 aedificentur,
675 340 695 371 et
706 337 816 382 prudentia
829 336 872 374 cst⁵'
881 334 906 382 1).

197 393 299 430 lilonitum
312 399 379 430 autem
391 394 489 443 princeps
502 390 587 440 nostris,
599 394 652 444 proh
664 394 732 432 dolor!
744 397 872 445 temporibus
883 396 932 433 illud

125 462 158 493 est
175 455 195 492 in
214 455 380 493 confessionibus
400 456 539 502 eruditorum,
558 469 583 493 ne
600 468 651 505 prae
670 454 759 493 scientia
773 458 931 506 profanafidem

124 516 375 555 christiano-catholicam
388 517 522 567 vilipendant.
542 517 616 555 „ntutti
628 517 681 554 enim
694 524 751 562 sunt,
765 518 799 567 qui
811 519 932 558 simulantes

123 578 236 616 fidemnon
250 577 325 615 subditi
338 585 385 616 sunt
398 579 456 625 fidet,
475 579 554 628 sibique
573 578 633 616 fidem
651 578 692 627 ipsi
708 579 777 628 potius
791 581 932 627 constituunt,

124 652 183 689 quam
197 640 311 689 accipiunt,
330 651 392 677 sensu
406 640 507 678 huntanae
519 640 627 678 inanitatis
638 639 718 677 inflati''
726 639 751 687 2).
771 640 795 678 Si
810 653 847 678 sua
866 643 932 680 cuivis

123 701 245 751 disciplinae
260 701 315 745 laus,
334 707 472 739 exerceantur
487 701 583 752 ingenia,
602 702 697 740 colantur
715 708 773 739 artes
789 707 849 752 atquc
865 703 932 741 scien-

123 757 175 807 tiae,
189 768 279 800 attamen
292 774 352 812 qnam
363 762 470 800 immensis
483 763 556 812 spatiis
568 775 619 801 vera
631 762 682 800 fides
694 762 746 802 haec
759 762 827 801 omnia
838 765 932 813 praecel-

123 823 156 862 lit!
177 824 251 864 „Fides
269 830 301 862 est
315 824 415 862 humanae
431 824 506 862 salutis
518 824 609 871 initium,
627 824 672 862 sine
683 823 722 864 hac
734 836 793 863 nemo
806 825 830 863 ad
842 824 932 864 tiliorum

123 886 164 924 Dei
173 887 305 925 'consortium
317 892 386 934 potest
398 886 520 935 pervenire,
538 887 584 936 quia
603 886 648 924 sine
665 886 704 925 hac
722 900 760 926 nee
777 887 798 924 in
809 886 849 926 ho'c
861 888 932 926 seculo

125 948 234 999 quisquam
248 946 406 997 justificationis
426 948 561 998 consequitur
579 948 681 1000 gratiam,
698 961 736 987 nec
751 948 772 986 in
786 948 856 986 futuro
869 948 932 987 vitam

124 1011 238 1059 possidebit
250 1010 370 1047 aeternare
378 1008 404 1057 ὃ).
421 1011 493 1060 Neque
505 1023 571 1061 grave
583 1010 642 1048 nobis
654 1011 692 1056 sit,
709 1011 811 1048 veritates
826 1012 932 1049 revelatas

124 1079 205 1122 captum
217 1077 313 1109 nostruin
325 1072 435 1110 excedere.
454 1071 587 1110 Gaudeamus
607 1072 675 1121 potius
693 1071 717 1109 de
735 1073 819 1110 illarum
839 1072 931 1110 sublimi-

123 1140 176 1178 tate,
194 1140 217 1170 ut
228 1139 314 1182 praeter
326 1133 418 1183 reliquas
431 1134 543 1172 facultates
554 1135 600 1171 Deo
617 1133 678 1171 etiam
693 1133 823 1172 intellectum
837 1140 931 1172 nostrum

122 1195 242 1245 mancipare
261 1191 358 1241 liceat).
385 1195 449 1234 „Pius
467 1196 523 1233 valet
539 1197 598 1234 Deus
617 1195 710 1245 operari,
728 1208 788 1246 quant
805 1195 932 1234 homovalet

121 1257 248 1308 intelligere.
268 1256 291 1294 Si
303 1268 343 1293 non
354 1255 456 1308 intelligis
469 1263 489 1295 et
502 1257 570 1306 capis,
588 1269 639 1306 quae
651 1257 707 1294 infra
719 1264 739 1295 te
751 1264 813 1302 sunt,
831 1257 930 1307 quomodo

122 1318 295 1368 comprehendes,
314 1326 365 1367 quae
384 1331 447 1368 supra
465 1325 485 1356 te
504 1321 569 1356 sunt?
585 1319 631 1355 Non
649 1319 708 1356 fallet
726 1325 746 1356 te
763 1319 833 1364 Deus,
850 1318 930 1356 fallitur

122 1387 199 1425 autem,
217 1380 252 1430 qui
263 1379 303 1417 sibi
314 1379 399 1417 nimium
411 1380 484 1418 credit.
503 1380 604 1418 Graditur
615 1380 674 1417 Deus
687 1392 733 1419 eum
746 1380 884 1429 simplicibus,
896 1392 930 1417 re·

120 1443 177 1479 velat
191 1454 213 1479 se
230 1441 351 1486 humilibus,
369 1441 404 1479 dat
418 1442 547 1480 intellectum
565 1441 669 1491 parvulis,
688 1443 755 1491 aperit
770 1448 854 1479 sensum
871 1441 930 1490 puris

121 1503 235 1548 mentibus,
254 1509 275 1540 et
293 1502 401 1540 abscondit
419 1503 510 1554 gratiam
529 1515 541 1540 a
559 1502 649 1540 curiosis
668 1509 689 1540 ct
703 1500 850 1553 superbis’⁷⁵].
868 1502 930 1540 Fides

120 1565 194 1602 dotium
212 1564 253 1602 Dei
271 1570 304 1601 est
322 1564 404 1601 dicente
415 1565 527 1613 Apostolo,
545 1563 643 1601 christus
661 1565 740 1611 lumen,
758 1564 811 1613 quod
828 1564 931 1601 illuminat

120 1638 201 1663 omnem
213 1625 316 1663 hominem
328 1625 446 1663 venientem
458 1625 478 1662 in
490 1625 544 1663 huuc
556 1625 660 1662 mundum.
679 1647 708 1653 —-
727 1625 784 1674 Quod
799 1625 887 1662 formam
899 1624 929 1662 in-

120 1687 260 1725 structionum
272 1693 293 1724 et
304 1685 471 1725 adhortationum
484 1687 569 1732 attinet,
585 1693 733 1737 praeterquam
750 1686 803 1737 quod
820 1686 929 1725 charitatis

120 1761 183 1786 sensu
195 1761 235 1786 non
248 1748 395 1794 destituantur,
414 1755 492 1800 graves
503 1748 599 1798 inprimis
611 1748 653 1785 sint
665 1754 686 1785 et
697 1749 776 1787 solidae
781 1763 787 1794 ς
806 1755 839 1786 ast
850 1754 928 1786 tantum

119 1811 189 1855 abest,
208 1817 230 1847 ut
247 1811 267 1847 in
285 1809 341 1847 salte
358 1809 507 1860 philosophicis
526 1810 659 1861 argumentis
674 1809 800 1854 subsistant,
819 1816 842 1847 ut
860 1809 929 1858 potius

119 1872 180 1917 baec,
199 1872 217 1908 si
235 1883 287 1921 quae
305 1871 428 1909 necessaria
446 1872 534 1917 fuerint,
554 1871 731 1921 (quandoquidem
746 1872 777 1909 eis
790 1869 928 1920 supersedere

120 1933 172 1982 apud
184 1933 293 1970 nonnullos
305 1932 340 1969 vix
351 1932 444 1981 poteris)
453 1932 564 1970 sententiis
576 1944 652 1970 sacrae
661 1931 785 1980 Scripturae
796 1931 928 1969 immiscean-

118 2000 160 2038 tur,
179 1995 252 2043 quippe
271 2003 322 2043 quae
337 1993 420 2031 interna
438 1994 530 2042 Spiritus
549 1993 618 2030 sancti
635 1992 733 2031 unctione
750 1993 813 2031 corda
828 1998 927 2043 tangunt,

119 2061 209 2093 mentem
220 2055 338 2098 illustrant,
357 2061 378 2092 et
392 2055 519 2092 voluntatem
537 2059 627 2092 movent.
645 2053 739 2092 Verbum
755 2054 842 2099 erucis,
859 2053 927 2091 virtus

117 2117 158 2154 Dei
170 2123 208 2154 est.
228 2117 265 2155 „In
278 2114 363 2152 Christo
375 2115 429 2152 Jesu
441 2122 490 2153 sunt
501 2127 572 2153 omnes
584 2114 679 2152 thesauri
691 2115 807 2165 sapientiae
823 2121 843 2153 et
859 2115 927 2152 scien·

117 2178 158 2214 tiae
177 2173 343 2223 absconditi''⁶].
363 2176 490 2222 AExishmo,
510 2176 539 2213 ait
554 2176 678 2225 Apostolus,
697 2177 765 2214 omnia
780 2176 927 2214 detrimentum

118 2250 166 2276 esse
177 2245 263 2288 propter
276 2238 400 2275 eminentem
413 2237 523 2275 scientiam
535 2237 588 2275 Jcsu
601 2236 680 2275 Christi
690 2238 774 2275 Domini
785 2237 838 2275 mei⁵'
849 2231 888 2284 ⁷]dl
901 2247 904 2264 a
919 2232 928 2269 3¹

190 2300 220 2337 Ne
239 2312 290 2337 vero
306 2298 450 2337 confessarius
467 2299 608 2349 poenitentem
619 2298 698 2348 pudore
710 2299 812 2343 offendat,
830 2309 889 2347 quem
907 2296 927 2333 in

117 2361 240 2398 veritatibus
256 2360 364 2411 religiosis
381 2360 507 2412 dogmaticis
522 2361 629 2397 instruere
645 2360 734 2411 satagit,
752 2359 833 2396 modum
848 2357 927 2395 instru-

119 2422 203 2467 ctionis,
223 2435 282 2472 quem
293 2421 419 2461 indirectum
430 2428 517 2467 vocant,
535 2422 555 2458 in
573 2433 634 2458 usum
653 2420 751 2465 deducet,
769 2419 811 2457 nisi
828 2418 883 2456 forte
902 2419 926 2456 ab

117 2483 163 2531 ipso
175 2484 293 2530 poenitente
305 2483 388 2521 directe
399 2485 530 2532 imperatur,
547 2482 581 2518 vel
593 2481 639 2529 ipsa
652 2480 757 2518 confessio
769 2492 855 2517 errores
871 2491 926 2518 eom-

116 2544 227 2593 plectatur.
246 2544 344 2581 Ceterum
355 2543 466 2593 plurimum
478 2542 514 2579 ille
526 2541 683 2579 commendatur
695 2541 778 2587 modus,
798 2554 836 2592 quo
847 2541 926 2579 verita-

116 2611 159 2642 tum
172 2603 338 2653 dogmatiearum
351 2604 494 2655 cognitionem
508 2603 529 2640 in
546 2602 664 2651 poenitente
680 2603 824 2652 supponimus,
842 2614 866 2641 ae
878 2614 925 2652 pro-

117 2710 312 2719 μ’*

141 2776 155 2813 1)
166 2773 229 2805 Serm.
238 2773 268 2804 36.
280 2770 298 2803 in
309 2770 386 2808 Canta,
396 2791 419 2796 —
428 2776 443 2813 2)
454 2773 474 2805 S.
485 2773 523 2806 Hil.
535 2772 557 2804 de
568 2769 635 2803 Trinit.
646 2770 688 2803 libr.
702 2772 719 2804 8.
729 2781 747 2803 n.
760 2773 775 2803 1.
785 2790 809 2794 -
818 2770 833 2813 ³)
845 2770 865 2803 S.
876 2771 925 2813 Aug.

165 2830 223 2853 serm.
234 2821 264 2852 38.
280 2819 302 2851 de
312 2823 371 2861 temp.
386 2840 408 2844 —
421 2824 437 2861 4)
446 2823 499 2854 Baco
510 2822 533 2854 de
544 2819 634 2862 dignitate
645 2823 664 2851 et
674 2820 781 2861 atramentis
792 2819 924 2852 scientiarum.

164 2869 312 2960 giblqhillxhqapg.
325 2871 339 2901 1.
350 2887 373 2892 -
382 2871 398 2909 ⁵)
407 2871 475 2903 Thom.
485 2879 494 2902 a
505 2871 572 2912 ltemp.
582 2867 625 2901 libr.
636 2868 653 2900 l.
664 2876 680 2900 c.
690 2867 725 2901 ult.
734 2887 759 2891 —
768 2870 783 2908 ⁵)
794 2867 836 2901 Col.
846 2868 870 2901 tt,
879 2869 896 2900 3.
903 2888 925 2891 —
