2017 3193
849 115 892 158 163

81 230 167 283 plenae.
180 232 197 268 E
209 235 257 268 tono
265 242 305 268 non
313 230 378 270 minus
392 245 415 271 ac
427 231 499 268 verbis
512 232 627 277 elucescat,
648 231 701 282 quod
714 242 760 269 cum
772 228 892 279 peccatoris

84 294 221 338 misereatur,
240 292 324 343 ejusque
340 294 402 332 animi
420 292 493 338 saluti,
512 304 572 343 quam
589 294 677 331 maxime
695 298 776 344 potest,
803 291 892 329 studeat.

83 358 181 400 Fratres,
193 354 268 393 scribit
280 355 302 393 S.
316 356 405 401 Paulus,
419 354 453 394 „si
463 361 630 404 praeoccupatus
642 356 706 394 fuerit
717 356 778 394 bomo
790 354 811 392 in
825 354 893 405 alique

85 418 170 462 delicto,
185 429 234 463 vos,
259 419 291 468 qui
306 419 428 469 spirituales
449 417 511 462 estis,
527 416 644 464 hujusmodi
661 417 758 456 instruite
777 418 797 455 in
817 417 894 468 spiritu

83 480 188 518 lenitatis”
196 478 222 527 1).
236 481 314 519 ‚adilbet
325 482 431 526 Christus,
443 491 481 516 nos
494 490 541 516 csse
550 490 600 516 oves
613 478 674 515 ctiam
685 479 740 516 inter
751 482 817 530 lupos.
830 480 893 518 Mane

84 542 139 587 ovis,
153 548 173 579 et
184 542 214 580 ita
224 543 282 592 lupos
295 543 412 592 superabis.
425 540 480 578 Nihil
493 540 546 577 enim
561 547 593 577 est
605 540 762 577 mansuetudine
776 542 893 590 potentius,

83 603 134 641 nibil
145 603 230 642 lenitate
242 605 330 643 validius
343 617 368 642 ac
379 600 508 648 fir1nius’'2].
523 602 545 640 S,
557 602 680 640 Bernardus
693 602 835 641 confessarios
845 616 892 641 sua·

84 665 148 703 vitate
161 665 223 703 divini
237 667 325 716 spiritus
343 665 435 714 repletos
449 669 556 713 comparat
574 664 711 711 mulieribus,
724 675 775 713 quae
789 664 813 701 ad
825 666 892 713 sepul·

85 738 143 765 crum
155 735 269 773 venerunt,
287 733 309 764 ut
321 732 426 776 ungerent
438 738 514 775 corpus
526 725 611 763 Domini
621 725 689 762 nostri
707 725 767 762 Jesu.
788 724 895 774 „Quaerat

84 801 142 827 mens
166 796 259 827 aromata
280 800 328 830 sua,
351 793 398 824 ante
426 788 494 825 omnia
513 787 664 839 compassionis
688 788 799 831 allectum,
821 786 895 824 dehinc

83 851 214 889 rectitudinis
230 850 308 893 zelum3
324 855 419 885 nostrum
438 848 542 887 suscitare
558 860 598 885 nen
615 854 657 893 est;
680 848 716 884 sed
735 860 816 898 ungere
836 847 895 884 nobis

83 911 194 956 incumbit,
210 909 299 959 alioquin
314 909 335 945 in
350 909 426 958 spiritu
440 908 559 946 vehementi
571 909 700 946 conterimus
712 920 776 946 naves
797 908 894 953 Tharsis,

85 973 212 1010 conterimus
228 976 389 1018 conquassatum
408 970 518 1015 calamum,
531 971 685 1020 exstinguimus
703 970 766 1007 linum
782 970 894 1020 fumigans

83 1033 179 1084 Linguae
196 1043 275 1081 quoque
299 1037 393 1068 aromata
412 1037 473 1076 sunt,
493 1031 595 1069 modestia
609 1031 630 1067 in
645 1031 784 1080 increpando,
800 1031 859 1080 copia
873 1031 894 1068 in

84 1093 224 1135 exhortando,
244 1091 340 1129 efficacia
354 1093 374 1129 in
390 1092 554 1140 persuadendo.’⁷
573 1093 629 1130 „trec
647 1092 701 1129 enim
717 1098 809 1141 oportet,
825 1092 853 1129 ait
871 1092 893 1129 S.

84 1154 258 1202 Chrysostomus,
274 1152 343 1197 illum,
360 1153 394 1203 qui
405 1159 491 1202 peccate
504 1153 572 1203 aliquo
587 1153 615 1190 sit
625 1159 767 1202 praeventus,
779 1153 895 1190 insolenter

85 1215 185 1258 obrucre,
204 1214 240 1250 sed
256 1214 370 1251 clementer
386 1226 479 1259 monere,
495 1226 533 1252 nec
549 1214 648 1263 persequi
664 1213 751 1265 jurgio,
770 1214 806 1251 sed
818 1214 895 1262 juvare

85 1275 182 1320 consili03
197 1286 236 1312 nec
255 1287 301 1313 cum
315 1275 427 1312 insolentia
438 1275 458 1311 in
471 1287 517 1312 cnm
533 1275 597 1326 erigi,
610 1276 647 1312 scd
660 1287 705 1312 cum
718 1275 829 1313 dilectione
849 1287 895 1312 cor·
931 1273 933 1275 ’

84 1334 204 1387 rige1·c’'³).
226 1338 253 1373 Et
272 1335 295 1373 S.
310 1336 453 1386 Augustinus:
473 1337 582 1375 „Medicus
599 1343 654 1374 amat
671 1335 828 1387 aegrotantem,
851 1336 894 1373 odit

85 1397 251 1448 aegritudinem
263 1402 286 1433 ut
293 1397 369 1434 liberet
380 1402 498 1448 aegrotum,
510 1397 644 1446 persequitur
651 1397 739 1443 febrimf’
746 1394 774 1444 4),
786 1396 894 1434 Neminem

85 1458 203 1494 emendabis
208 1471 214 1501 ς
231 1458 290 1505 cujus
309 1470 400 1495 amorem
415 1458 551 1507 fiduciamque
568 1458 605 1495 tibi
617 1470 657 1494 nen
670 1458 817 1496 conciliaveris
834 1458 894 1506 prius

85 1519 152 1557 anriea
163 1518 253 1568 benigna
264 1519 349 1568 mitique
362 1519 437 1569 agendi
448 1520 536 1556 ratione
548 1520 608 1568 Aqua
619 1519 674 1556 delet
685 1519 762 1570 ignem,
776 1524 796 1555 et
807 1519 895 1556 verbum

84 1581 130 1617 lene
142 1580 202 1617 iram.
220 1580 267 1617 Nux
278 1580 389 1617 immatura
400 1580 514 1630 viridisque
528 1580 583 1629 sapit
594 1592 676 1625 amare,
692 1580 795 1618 saccharo
808 1580 896 1617 decocta

85 1647 118 1678 est
128 1641 242 1678 remedium
261 1640 320 1679 dulce
333 1642 467 1679 stomacbalc.
483 1641 584 1690 Apiculae
599 1642 706 1680 moderato
727 1641 782 1679 aeris
798 1653 848 1679 sono
861 1653 894 1678 re-

84 1708 196 1746 vocantur,
214 1702 322 1752 dispersae
342 1703 412 1740 altiori
427 1703 518 1753 strepitu
536 1704 644 1755 fugantur.
663 1703 728 1742 Unica
739 1703 811 1741 mcllis
820 1709 894 1755 gutta,

83 1765 190 1815 inquiebat
205 1764 227 1802 S.
239 1766 366 1803 Franciscus
380 1765 486 1812 Salcsins,
504 1766 576 1815 plures
591 1778 676 1805 muscae
692 1766 812 1816 capiuntur,
834 1777 893 1815 qnam

83 1828 167 1878 integre
179 1826 234 1864 fellis
247 1827 305 1873 cado,
317 1840 383 1878 neque
397 1834 464 1866 tamen
476 1828 504 1866 sit
516 1829 624 1867 admodum
636 1829 703 1867 dulcis
711 1841 780 1866 sermo
793 1835 852 1873 tuus,
863 1828 893 1865 in·

83 1889 156 1939 primis
169 1889 193 1927 ad
208 1888 323 1927 foemellas.
339 1890 410 1928 Pauca
429 1902 474 1928 cum
485 1891 538 1940 ipsis
551 1897 571 1927 et
583 1891 679 1942 graviter
693 1892 793 1940 loquere,
812 1889 895 1928 nonnisi

83 1951 211 1989 necessitate
224 1958 312 2003 cogente
323 1952 375 2001 ipsis
387 1952 482 1990 scribere
495 1953 551 1999 licet,
563 1959 584 1990 et
596 1943 645 1991 tunc
657 1953 725 2005 magis
734 1953 829 2002 scalpelli
836 1953 895 2001 apice

84 2013 164 2057 scribe,
177 2025 237 2063 quam
250 2014 339 2058 calamo,
352 2020 375 2052 ut
386 2014 543 2065 unumquodque
556 2016 685 2064 superfluum
697 2015 784 2052 verbum
797 2015 894 2053 decidere

84 2074 145 2113 facile
157 2075 235 2112 valeas.

157 2133 183 2183 2)
196 2136 340 2174 Institutiones
354 2138 542 2179 ctadbortaticnes
550 2138 621 2176 solido
628 2138 775 2187 ftcrzdcmcnto
783 2141 893 2188 utronno,

83 2200 191 2247 prccoilctc
209 2203 230 2234 et
245 2198 380 2247 fertitccdinc
392 2199 510 2249 gaudeant,
528 2199 580 2237 adeo
599 2205 621 2237 ut
639 2206 728 2237 mentem
750 2201 857 2237 illustrent
875 2205 896 2237 et

85 2260 219 2303 convincant,
235 2259 364 2309 aninnnnque
380 2261 515 2298 veliementer
531 2267 634 2298 moveant.
649 2264 781 2312 Argumenta
798 2261 852 2298 levia
864 2262 894 2298 fa·

85 2321 124 2357 cilc
136 2321 297 2365 subvertuntur,
310 2321 360 2358 nibil
371 2322 461 2359 influunt
473 2328 508 2359 aut
518 2323 554 2359 vix
565 2335 639 2371 parum
650 2323 671 2359 ln
684 2325 780 2360 animum.
796 2323 894 2360 Admoni-

85 2382 152 2419 tiones
170 2383 240 2426 leves,
258 2383 424 2431 perfunctoriae,
443 2383 513 2420 fessae
528 2383 680 2434 languidaeque
692 2384 776 2422 minime
795 2396 831 2422 cor
846 2396 894 2433 pec-

86 2443 164 2481 catoris
182 2450 320 2488 commovent,
339 2445 456 2495 nullumque
468 2445 551 2494 peccati
562 2445 673 2482 horrorem
684 2445 798 2490 incutiunt,
817 2447 895 2482 nullum

85 2503 139 2541 forte
151 2505 279 2554 propositum
293 2505 390 2550 eliciunt,
403 2507 520 2556 nullumque
534 2519 626 2544 atriorem
637 2506 678 2543 Dei
689 2508 815 2556 virtutisque
828 2507 895 2544 instil-

85 2565 134 2602 lant.
151 2565 203 2613 Quid
217 2566 278 2614 juvat
289 2566 369 2604 rustico
382 2579 443 2612 sano,
456 2568 529 2616 juveni
547 2567 661 2605 fornicario
675 2569 804 2607 acclamare:
822 2568 895 2605 Forni-

85 2626 149 2663 cando
165 2634 265 2677 aegrotus
281 2627 367 2664 evades:
384 2635 419 2665 aut
432 2629 483 2673 furi,
500 2629 534 2677 qui
546 2629 653 2678 bucusque
665 2630 765 2667 latuerat:
786 2629 810 2666 Si
822 2630 895 2678 depre-

85 2683 163 2739 hensus
182 2688 259 2732 fueris,
280 2687 300 2723 in
317 2699 427 2725 carcerem
444 2690 547 2734 mitteris,
566 2696 602 2726 aut
621 2690 715 2734 ebriose,
739 2690 895 2733 calumniatori,

84 2743 188 2783 uindictae
201 2748 274 2797 cupido
287 2747 371 2785 dicere:
385 2749 457 2785 Debes
480 2755 500 2786 te
515 2750 639 2794 emendare,
656 2762 695 2787 nec
714 2751 806 2799 arrrplius·
818 2756 838 2787 te
852 2750 895 2786 ine·

83 2830 265 2843 *Ἣ

110 2890 125 2928 ¹)
136 2887 179 2920 Gal.
189 2890 222 2921 Vl.
233 2894 250 2923 1.
260 2910 284 2916 -
292 2895 308 2933 2)
319 2892 340 2924 S.
351 2892 419 2932 Chrys.
428 2892 447 2923 in
455 2890 508 2924 esar.
520 2893 588 2926 cxlx.
597 2912 621 2917 -
632 2897 649 2934 ³)
659 2894 716 2927 Hom.
727 2896 757 2927 ‘cle
767 2895 786 2927 in
794 2894 863 2926 llIatth.
873 2911 895 2915 -

133 2938 150 2978 ⁴)
159 2937 189 2969 Dc
199 2942 257 2981 tcmp.
267 2950 325 2974 serm.
335 2942 364 2974 37.

699 2991 748 3030 il*
