1991 3193
875 45 904 82 IX

93 172 143 221 tias
156 183 271 235 purgare
285 172 311 215 et
324 165 451 215 mundare
469 164 642 230 intendimus,
668 165 792 231 propriae
805 164 903 231 purita-

94 264 147 305 tem
161 260 187 302 et
199 252 353 302 munditiem
365 270 413 320 per
427 251 593 315 frequentem
612 251 794 302 Poenitentiae
814 249 905 300 Sacra-

94 339 176 391 menti
194 356 272 389 usum
288 338 380 389 solerti
395 353 487 389 curare
507 335 593 386 studio
613 344 778 405 satagamus,
804 354 837 386 ne
850 337 905 387 fors

96 427 196 477 dicatur
209 425 297 476 nobis:
314 424 437 485 „Medica
452 439 515 472 cura
527 428 553 471 te
566 421 663 488 ipsum!
672 431 681 450 “
691 422 707 491 ¹)
719 429 745 473 et
758 423 826 473 illud
835 421 906 490 Apo-

96 512 157 563 stoli
169 511 245 561 nobis
261 511 446 577 exprobretur:
477 507 523 566 „In
541 525 592 574 quo
605 506 708 573 judicas
728 509 853 573 alterum,
879 516 906 558 te

95 600 181 665 ipsum
199 597 382 647 condemnas.“
401 592 420 660 ²)
448 592 518 653 Quid
539 610 653 659 namque
676 594 803 643 absonum
821 596 906 661 magis

95 691 173 751 atque
187 700 202 731 a
216 675 347 732 communi
360 679 494 729 hominum
507 697 588 730 sensu
601 679 754 742 abhorrens,
769 698 853 746 quam,
866 688 905 739 ut,

96 770 141 837 qui
154 786 186 818 ex
200 766 287 816 divino
301 765 421 814 instituto
434 765 462 813 in
475 764 532 815 aliis
546 771 666 814 veterum
679 764 835 815 delictorum
844 784 906 831 pur-

98 856 230 922 gationem
245 851 371 900 inducere
391 851 500 915 debent,
525 850 577 917 ipsi
592 850 660 900 forte
678 850 781 900 occulto
802 868 908 900 suarum

98 941 235 1005 culparum
253 937 449 1003 inquinamento
471 937 605 1001 sordeant,
633 943 678 985 aut
700 936 744 1003 qui
756 938 784 987 in
797 937 909 987 aliorum

98 1023 189 1073 animis
205 1021 307 1071 divinae
321 1023 456 1073 eharitatis
470 1023 559 1089 ignem
572 1023 686 1072 excitare
695 1022 830 1089 jubentrn,
856 1023 908 1090 ipsi

97 1109 182 1176 glacie
194 1106 270 1174 pejus
283 1108 390 1175 proprio
404 1115 511 1175 torpore
525 1107 684 1175 congetent‘?
697 1108 792 1158 Nonne
800 1101 906 1158 sacrile-

97 1212 160 1261 gum
172 1194 331 1256 foret,eorde
344 1194 446 1261 impuro
460 1194 590 1262 labiisque
603 1194 713 1261 pollutis
728 1194 842 1245 divinam
855 1195 907 1245 dis-

97 1296 210 1347 pensare
227 1278 357 1345 gratiam?
383 1280 437 1329 Nos
457 1281 606 1330 sacerdotes
621 1298 722 1345 sumus,
751 1288 842 1331 saneta
855 1288 907 1331 tra-

99 1372 207 1427 ctantes,
222 1365 338 1432 adeoque
354 1366 437 1416 sancti
451 1367 530 1416 simus
544 1373 656 1433 oportet,
671 1366 793 1416 sieutIlle
802 1357 908 1418 sanetus
923 1435 925 1437 ι

98 1459 149 1517 est,
176 1450 249 1516 cujus
267 1452 295 1500 in
313 1458 385 1501 terra
400 1452 492 1501 vicarii
505 1470 602 1501 sumus.
634 1452 748 1511 ,Munda
761 1453 794 1501 sit
807 1470 907 1516 manus,

98 1555 164 1605 quae
186 1536 286 1586 diluere
306 1536 417 1586 aliorum
438 1537 529 1587 sordes
550 1540 675 1603 curat.“³)
701 1538 816 1604 Perpere'
834 1539 908 1604 prius

98 1630 202 1691 oportet
216 1623 387 1687 sacerdotem,
402 1623 496 1672 deinde
504 1640 631 1690 perrepere,
658 1623 693 1672 ad
704 1623 791 1672 Deum
804 1623 905 1687 adduci,

98 1716 124 1759 et
138 1709 198 1759 dein
211 1707 275 1759 alios
291 1708 422 1775 adducere,
436 1708 599 1776 sanctificari,
609 1708 909 1775 etposteasaeete'ficerq

98 1797 176 1846 breem
181 1793 250 1860 fleri,
265 1800 290 1842 et
304 1794 408 1843 demum
421 1794 486 1843 alios
500 1795 669 1844 iltetme'eere.“
688 1797 710 1858 4)
738 1794 789 1854 Qui
801 1813 856 1844 non
869 1813 909 1844 ar-

100 1881 150 1943 det,
163 1898 217 1929 non
229 1879 354 1929 incendit.
368 1879 474 1945 Lingua
487 1880 581 1943 amoris
597 1879 627 1941 ei,
637 1879 687 1945 ,qui
698 1896 753 1928 non
766 1880 909 1944 amat,bar-

97 1967 164 2016 bara
178 1971 217 2014 est
231 1972 257 2013 et
270 1965 417 2030 peregrina.

171 2050 232 2099 Non
251 2050 363 2099 diffiteor
378 2051 510 2117 equidem,
538 2049 738 2099 Sacramentum
751 2052 863 2117 gratiam
877 2070 909 2101 ex

99 2153 178 2203 opere
192 2141 299 2200 operato
312 2132 466 2201 producere,
493 2153 524 2185 ae
536 2135 587 2184 Dei
601 2136 817 2201 omnipotentiam
829 2135 909 2185 nuliis

99 2227 228 2271 arctatam
247 2237 304 2269 esse
325 2219 463 2284 limitibus,
489 2238 539 2271 nec
555 2237 711 2287 quacunque
730 2221 910 2271 ministrorum

98 2306 267 2373 improbitate
280 2304 408 2370 impediri,
423 2296 561 2371 quominus
575 2306 603 2355 in
616 2322 787 2372 quoscunque
795 2306 909 2368 libuerit,

99 2391 202 2441 divitias
208 2407 270 2439 suae
283 2390 408 2440 bonitatis
422 2391 548 2440 effundat:
561 2408 653 2440 verum
664 2390 910 2456 quamvisidlocurn

98 2477 196 2527 habere
208 2476 301 2542 negari
313 2474 465 2525 nullatcnus
480 2482 568 2543 queat,
587 2475 688 2526 dabunt
707 2481 796 2525 tamen
809 2494 909 2542 poenas

99 2562 267 2627 grauissimas
280 2561 402 2624 ministri,
429 2562 483 2628 qui,
510 2562 677 2629 quantumin
691 2579 718 2610 se
733 2569 780 2625 est,
808 2562 910 2612 divinae

100 2646 247 2713 operationi
259 2664 313 2696 non
327 2653 516 2714 cooperantur,
530 2665 563 2697 ne
578 2647 670 2711 dicam,
685 2646 787 2697 obicem
800 2654 908 2713 ponimt,

97 2749 321 2758 *φῇ-

125 2796 140 2834 ¹)
149 2795 196 2827 Luc.
204 2794 237 2826 IV.
247 2796 277 2827 23.
287 2812 312 2817 -
328 2796 344 2835 ²)
357 2795 415 2828 Rom.
422 2795 447 2828 ΙΙ.
458 2797 474 2827 l.
484 2814 507 2819 -
524 2792 539 2838 ³)
550 2794 571 2828 S.
580 2794 642 2837 Greg.
652 2792 704 2826 Libr.
712 2793 767 2828 Past,
777 2794 799 2827 Ρ.
809 2794 823 2825 l.
832 2801 848 2828 c,
859 2793 877 2827 9.

148 2844 165 2882 4)
176 2843 196 2875 S.
207 2842 267 2885 Greg.
276 2843 324 2876 Nau.
335 2842 390 2876 Orat.
400 2845 418 2876 2.
