2030 3193
849 102 876 149 13

89 257 90 260 η
144 230 230 266 Petrum
248 226 345 274 operibus
363 221 479 261 succedunt
495 221 543 258 libri
560 222 658 265 ascetici,
681 220 716 270 qui
733 220 796 257 vitam
815 219 876 267 spiri·
915 255 916 258 ,

72 292 147 328 tualem
170 286 264 322 nutriunt
285 291 345 332 atque
368 282 494 320 confortant.
521 281 567 315 Hoc
590 282 686 317 alimento
709 279 835 316 confessarii
854 290 877 314 eo

72 351 139 392 atinus
158 358 231 387 carere
249 351 348 397 possunt,
367 354 405 396 quo
423 340 465 392 ipsi
479 339 547 393 magis
563 345 605 378 tum
620 353 642 379 se
659 341 728 393 ipsos,
746 346 789 379 tum
805 338 877 377 deiude

73 416 133 453 etiam
157 411 209 449 alios
233 410 257 448 ad
280 409 414 449 christianam
435 404 587 454 perfectionem
610 404 685 443 (lucere
705 405 809 444 studeant.
836 403 877 441 Hic

72 475 161 513 omnium
178 472 238 521 primi
252 478 360 509 notantur:
383 466 407 504 V.
423 465 519 503 Thomue
531 479 544 502 ιι
555 463 645 514 Isempic
659 467 711 503 liber
726 468 750 504 ‹le
762 465 878 502 imitatione

72 533 159 575 Christi,
174 531 199 568 V.
206 529 325 568 Laurentii
333 524 427 574 scirpuli
438 526 490 561 liber
499 526 522 561 de
529 526 604 573 Pugna
610 525 720 571 spirituali,
735 526 760 563 V.
768 524 879 562 Lecdooici

75 590 230 631 Gruncdeucte
245 602 309 640 opera
321 584 450 637 spiritualia,
467 584 589 634 praecipue:
611 584 676 622 „Dux
687 584 836 632 peccatorum”
850 603 879 609 -

74 654 221 698 „Meritoriale”
237 678 267 683 —
283 652 321 693 „de
334 647 428 689 oratione
441 654 462 687 et
473 646 619 687 meditationc”
636 671 666 675 —
684 646 722 688 „de
736 660 805 686 autore
816 647 878 693 uer’,

71 718 181 757 Ludoatct
193 718 219 754 dc
230 716 312 761 Ponte,
332 712 398 750 „Dux
410 711 525 759 spiritualis
531 711 541 728 ’²
553 731 584 735 —
597 710 638 748 „tle
649 710 779 758 perfectione
791 710 878 746 bominis

73 777 206 820 christiani⁷'‚
225 773 250 811 S.
263 772 381 809 Frmtctsct
393 768 477 807 Salestt
488 770 608 812 Philothea,
624 782 662 805 seu
673 769 800 806 introductio
813 770 837 805 ad
848 771 878 805 vi-

72 843 113 874 tum
126 837 228 873 deuotam.

145 897 256 936 Postremo
269 892 380 932 consulere
388 890 449 942 jurat
460 891 526 931 libros
538 890 643 944 practices
655 890 710 930 dere
719 888 879 943 poenitentiario

75 966 198 1002 tractantes
211 969 262 1005 quos
274 956 330 993 inter
340 956 452 1005 praecipue
465 955 568 992 nominari
580 961 699 992 merentur:

75 1020 100 1059 S.
111 1017 188 1058 Oct-ott
196 1016 273 1059 Bora„
285 1017 397 1052 Pastorum
410 1016 619 1062 concionatorumque
631 1015 782 1052 instructiones
795 1015 820 1050 ad
832 1026 880 1051 con-

135 1076 268 1118 cionandum,
288 1075 467 1123 confessionisque
481 1080 501 1111 et
512 1073 659 1111 Eucharistiae
673 1074 833 1111 Sacramentum
847 1073 880 1110 ad-

135 1136 294 1178 ministrandum
305 1135 436 1176 utilissimae.
461 1135 566 1175 coloniae.
581 1129 645 1176 1587.

73 1202 206 1248 Eisenprciu
216 1198 321 1249 Μαι-11111,
336 1200 501 1237 Confessionale.
524 1195 726 1249 lngolstatlii1578.

73 1262 168 1300 Poleam·
181 1258 274 1308 Joonn„
292 1260 435 1296 Dircctcrium
450 1261 514 1295 breve
531 1260 555 1296 ad
571 1259 702 1295 Oorrfessarii
717 1272 741 1296 ac
757 1258 880 1294 confitentis

134 1331 208 1356 munus
220 1325 279 1355 recte
292 1319 413 1356 obeundum.
436 1319 509 1355 Leodii
522 1314 587 1356 1613.

74 1378 168 1435 Septteri
179 1378 258 1432 Pauli,
273 1380 387 1420 instructio
401 1380 533 1420 confessarii.
556 1379 655 1433 Diliugac
670 1375 734 1421 1699.

74 1444 157 1492 Herzr'p
167 1443 294 1493 Francieci)
307 1445 405 1482 Manuale
418 1444 550 1482 confessarii.
563 1445 617 1493 Aug.
640 1444 702 1481 Vind.
717 1440 781 1482 1717.

75 1503 167 1542 Louner
181 1502 272 1551 Tobiae.
290 1505 405 1540 lnstructio
420 1504 515 1551 practica
531 1504 554 1540 dc
570 1503 737 1540 confessionibus
749 1503 790 1539 rite
803 1515 826 1539 ac
839 1503 881 1539 fru-

137 1569 209 1601 ctuose
222 1563 357 1612 excipiendis.
380 1563 467 1614 Dilling.
482 1560 546 1601 1619.
570 1564 635 1611 Tyru.
650 1559 714 1600 1733.

73 1624 165 1677 Feperle
174 1623 302 1678 Fruurctsot,
323 1625 461 1676 Quaesumus
476 1625 583 1677 practicae
593 1624 729 1665 Confessarii.
749 1625 804 1665 Frib.
817 1620 881 1665 1738.

73 1688 168 1726 Habenti
178 1686 276 1739 Lactora,
289 1689 366 1726 Praxis
379 1689 512 1727 Sacramcnti
524 1689 674 1726 Paenitentiae.
694 1691 748 1739 Aug.
762 1694 782 1724 et
794 1688 880 1737 Herbip.

136 1744 201 1785 1750.

74 1806 165 1845 Renum·
181 1805 279 1858 Jouuu„
298 1807 507 1846 heo-confessarius
525 1807 619 1859 practice
637 1807 761 1845 instructus.
785 1806 883 1844 Coloniae

134 1870 262 1923 Agrippinae
279 1866 343 1911 1752.

73 1930 160 1971 Loarte
174 1931 249 1983 Cuspi„
264 1934 379 1971 lnstructio
392 1934 570 1971 confessariorum
582 1946 622 1970 una
635 1946 680 1971 cum
692 1934 822 1970 institutione
836 1946 883 1970 con-

135 1993 281 2037 fessariorum,
297 1993 383 2029 authore
395 1992 497 2029 Martiano
506 1993 627 2029 Fornario.
642 1993 760 2030 Mechlinae
769 1993 883 2028 novissime.

135 2051 196 2098 edita,
210 2048 275 2091 1822.

73 2112 111 2154 Du
123 2114 207 2155 Jardtn
221 2115 326 2166 Therone,
339 2117 371 2154 De
385 2116 455 2155 officio
468 2117 585 2155 sacerdotis
598 2130 636 2167 qua
648 2117 730 2156 Judicis
743 2123 764 2155 et
775 2117 852 2155 Medici
864 2117 883 2154 in

136 2177 272 2215 Sacramento
285 2178 436 2214 Poenitentiae.
460 2179 548 2227 Herbip.
563 2175 621 2216 1758
634 2185 655 2215 et
665 2179 783 2216 Mechlinae
797 2175 862 2215 1825.

73 2234 175 2285 Dcrrlrofii
187 2237 249 2273 Card.
265 2243 285 2273 et
297 2237 356 2284 Eppi.
370 2237 494 2280 caesenae,
512 2238 626 2274 lnstructio
641 2238 755 2286 pastoralis
771 2237 795 2272 de
808 2237 885 2274 Sacra-

134 2302 203 2334 mento
215 2297 295 2334 Poenit.
319 2296 395 2334 Venet.
410 2293 475 2336 1162.

74 2357 172 2400 Jocuut'a
182 2361 241 2412 Eppi.
255 2361 406 2407 bastoniensis,
421 2363 486 2400 Amor
498 2361 615 2412 poenitens,
631 2362 675 2400 sive
688 2362 712 2400 rle
724 2368 783 2401 recto
797 2362 885 2400 clavium

133 2435 178 2459 usu.
194 2424 240 2459 Lib.
253 2424 278 2459 Π.
296 2423 372 2459 Venet.
387 2420 451 2461 1771.

73 2477 351 2529 SolotteideubuchBouif.)
369 2483 402 2517 De
418 2483 501 2518 ratione
519 2482 615 2519 solvendi
633 2488 653 2517 et
671 2483 751 2531 ligandi
770 2482 790 2517 in
807 2482 885 2519 Sacra-

133 2547 201 2580 mento
213 2541 359 2580 Paenitentiae
371 2541 477 2581 Diatriba.
492 2539 560 2582 1114.

75 2601 195 2644 Wunhord
208 2603 288 2656 Gabra,
302 2605 416 2644 lnstructio
428 2614 495 2656 praet.
510 2607 650 2645 Confessarii.
662 2610 717 2659 Aug.
731 2607 793 2645 Vinci.
808 2603 872 2646 1116.

72 2663 174 2703 Doctrina
187 2668 210 2704 de
223 2668 362 2706 Sacramenta
373 2667 519 2705 Pocniteutiae
531 2674 591 2705 recte
605 2669 777 2712 administrando,
785 2690 815 2694 —-
827 2681 887 2717 quam

133 2737 187 2762 nova
199 2727 305 2763 Ganonmn
321 2726 445 2762 collectione
461 2727 547 2763 eandem
559 2727 580 2762 in
592 2739 637 2763 rem
651 2739 677 2763 ex
689 2728 786 2764 conciliis
799 2727 886 2763 Germa-

133 2785 179 2824 niae
191 2786 326 2840 locupletavit
337 2785 448 2838 presbyter
461 2793 482 2825 et
492 2786 608 2826 monachus
618 2787 772 2827 Benedictinns
780 2787 885 2842 Congreg.

135 2850 157 2887 S.
169 2851 236 2890 Blasii
247 2853 267 2890 in
280 2852 302 2891 S.
315 2853 339 2889 b.
356 2851 420 2900 Typis
434 2851 610 2891 San-Blasianis.
627 2848 692 2891 1778.

74 2903 196 2950 Sasseratu
207 2914 306 2964 Reiceri,
319 2913 526 2952 neo-confessarius.
547 2914 619 2951 Colon.
632 2915 708 2964 Agrip.
723 2911 791 2952 1781.
