<?xml version="1.0" encoding="UTF-8"?>
<!DOCTYPE html PUBLIC "-//W3C//DTD XHTML 1.0 Transitional//EN"
    "http://www.w3.org/TR/xhtml1/DTD/xhtml1-transitional.dtd">
<html xmlns="http://www.w3.org/1999/xhtml" xml:lang="en" lang="en">
 <head>
  <title>
</title>
<meta http-equiv="Content-Type" content="text/html;charset=utf-8" />
  <meta name='ocr-system' content='tesseract 3.04.00' />
  <meta name='ocr-capabilities' content='ocr_page ocr_carea ocr_par ocr_line ocrx_word'/>
</head>
<body>
  <div class='ocr_page' id='page_1' title='image "MN42038ucmf_0_0333.png"; bbox 0 0 2017 3193; ppageno 0'>
   <div class='ocr_carea' id='block_1_1' title="bbox 268 194 600 294">
    <p class='ocr_par' dir='ltr' id='par_1_1' title="bbox 268 194 600 294">
     <span class='ocr_line' id='line_1_1' title="bbox 268 194 600 294; baseline 0.006 -21"><span class='ocrx_word' id='word_1_1' title='bbox 268 283 276 294; x_wconf 54' lang='lat'><strong>,</strong></span> <span class='ocrx_word' id='word_1_2' title='bbox 338 194 600 288; x_wconf 77' lang='lat' dir='ltr'><strong>caputlv.</strong></span> 
     </span>
    </p>
   </div>
   <div class='ocr_carea' id='block_1_2' title="bbox 65 341 875 412">
    <p class='ocr_par' dir='ltr' id='par_1_2' title="bbox 65 341 875 412">
     <span class='ocr_line' id='line_1_2' title="bbox 65 341 875 412; baseline 0 -18"><span class='ocrx_word' id='word_1_3' title='bbox 65 344 107 394; x_wconf 87' lang='lat' dir='ltr'><strong>Dc</strong></span> <span class='ocrx_word' id='word_1_4' title='bbox 113 341 253 411; x_wconf 74' lang='lat' dir='ltr'><em>principiis</em></span> <span class='ocrx_word' id='word_1_5' title='bbox 264 344 422 412; x_wconf 73' lang='lat' dir='ltr'><strong>pencrciidcs</strong></span> <span class='ocrx_word' id='word_1_6' title='bbox 436 345 506 395; x_wconf 75' lang='lat' dir='ltr'><strong>ciacc</strong></span> <span class='ocrx_word' id='word_1_7' title='bbox 520 342 875 397; x_wconf 77' lang='lat' dir='ltr'><strong>cbsoiotionencobservanciis</strong></span> 
     </span>
    </p>
   </div>
   <div class='ocr_carea' id='block_1_3' title="bbox 123 489 816 561">
    <p class='ocr_par' dir='ltr' id='par_1_3' title="bbox 123 489 816 561">
     <span class='ocr_line' id='line_1_3' title="bbox 123 489 816 561; baseline 0.001 -18"><span class='ocrx_word' id='word_1_8' title='bbox 123 489 283 546; x_wconf 79' lang='lat' dir='ltr'><strong>Confessarius</strong></span> <span class='ocrx_word' id='word_1_9' title='bbox 293 491 364 559; x_wconf 82' lang='lat' dir='ltr'><strong>judex</strong></span> <span class='ocrx_word' id='word_1_10' title='bbox 376 493 521 561; x_wconf 88' lang='lat' dir='ltr'><strong>peccatorum</strong></span> <span class='ocrx_word' id='word_1_11' title='bbox 535 507 549 544; x_wconf 89' lang='lat' dir='ltr'><strong>a</strong></span> <span class='ocrx_word' id='word_1_12' title='bbox 567 490 656 544; x_wconf 81' lang='lat' dir='ltr'><strong>Christo</strong></span> <span class='ocrx_word' id='word_1_13' title='bbox 671 494 816 546; x_wconf 86' lang='lat' dir='ltr'><strong>constitutus.</strong></span> 
     </span>
    </p>
   </div>
   <div class='ocr_carea' id='block_1_4' title="bbox 66 614 880 2735">
    <p class='ocr_par' dir='ltr' id='par_1_4' title="bbox 66 614 880 2735">
     <span class='ocr_line' id='line_1_4' title="bbox 144 614 873 668; baseline -0.001 -12"><span class='ocrx_word' id='word_1_14' title='bbox 144 614 162 668; x_wconf 65' lang='grc' dir='ltr'><strong>ξ.</strong></span> <span class='ocrx_word' id='word_1_15' title='bbox 176 614 225 657; x_wconf 80' lang='grc'>197.</span> <span class='ocrx_word' id='word_1_16' title='bbox 238 617 263 656; x_wconf 82' lang='lat' dir='ltr'><strong>Si</strong></span> <span class='ocrx_word' id='word_1_17' title='bbox 274 616 430 667; x_wconf 77' lang='lat' dir='ltr'><strong>exomologesin</strong></span> <span class='ocrx_word' id='word_1_18' title='bbox 441 622 545 666; x_wconf 87' lang='lat' dir='ltr'><strong>tamquam</strong></span> <span class='ocrx_word' id='word_1_19' title='bbox 558 616 606 653; x_wconf 88' lang='lat' dir='ltr'><strong>veri</strong></span> <span class='ocrx_word' id='word_1_20' title='bbox 612 617 701 654; x_wconf 88' lang='lat' dir='ltr'><strong>nominis</strong></span> <span class='ocrx_word' id='word_1_21' title='bbox 714 617 873 656; x_wconf 79' lang='lat' dir='ltr'>Sacramentum</span> 
     </span>
     <span class='ocr_line' id='line_1_5' title="bbox 67 670 874 726; baseline 0.002 -13"><span class='ocrx_word' id='word_1_22' title='bbox 67 676 231 723; x_wconf 81' lang='lat' dir='ltr'><strong>consideramus,</strong></span> <span class='ocrx_word' id='word_1_23' title='bbox 244 670 388 716; x_wconf 78' lang='lat' dir='ltr'><strong>confessarius</strong></span> <span class='ocrx_word' id='word_1_24' title='bbox 396 675 439 724; x_wconf 92' lang='lat' dir='ltr'><strong>jam</strong></span> <span class='ocrx_word' id='word_1_25' title='bbox 451 688 492 713; x_wconf 92' lang='lat' dir='ltr'><strong>non</strong></span> <span class='ocrx_word' id='word_1_26' title='bbox 504 677 571 714; x_wconf 91' lang='lat' dir='ltr'><strong>solum</strong></span> <span class='ocrx_word' id='word_1_27' title='bbox 584 689 623 726; x_wconf 90' lang='lat' dir='ltr'><strong>qua</strong></span> <span class='ocrx_word' id='word_1_28' title='bbox 639 677 780 715; x_wconf 86' lang='lat' dir='ltr'><strong>conscientiae</strong></span> <span class='ocrx_word' id='word_1_29' title='bbox 795 679 874 715; x_wconf 80' lang='lat' dir='ltr'><strong>arbiter</strong></span> 
     </span>
     <span class='ocr_line' id='line_1_6' title="bbox 68 736 875 788; baseline 0.001 -15"><span class='ocrx_word' id='word_1_30' title='bbox 68 737 153 782; x_wconf 76' lang='lat' dir='ltr'><strong>assidet,</strong></span> <span class='ocrx_word' id='word_1_31' title='bbox 165 739 199 788; x_wconf 93' lang='lat' dir='ltr'><strong>qui</strong></span> <span class='ocrx_word' id='word_1_32' title='bbox 209 750 247 787; x_wconf 93' lang='lat' dir='ltr'><strong>pro</strong></span> <span class='ocrx_word' id='word_1_33' title='bbox 260 737 356 786; x_wconf 90' lang='lat' dir='ltr'><strong>ampliori</strong></span> <span class='ocrx_word' id='word_1_34' title='bbox 367 736 463 773; x_wconf 88' lang='lat' dir='ltr'><strong>doctrina</strong></span> <span class='ocrx_word' id='word_1_35' title='bbox 474 748 512 773; x_wconf 87' lang='lat' dir='ltr'><strong>sua</strong></span> <span class='ocrx_word' id='word_1_36' title='bbox 523 737 664 785; x_wconf 90' lang='lat' dir='ltr'><strong>poenitentem</strong></span> <span class='ocrx_word' id='word_1_37' title='bbox 683 737 812 785; x_wconf 87' lang='lat' dir='ltr'><strong>dijudicare,</strong></span> <span class='ocrx_word' id='word_1_38' title='bbox 830 738 875 785; x_wconf 86' lang='lat' dir='ltr'><strong>ejus</strong></span> 
     </span>
     <span class='ocr_line' id='line_1_7' title="bbox 66 795 875 848; baseline 0.001 -16"><span class='ocrx_word' id='word_1_39' title='bbox 66 798 188 835; x_wconf 89' lang='lat' dir='ltr'><strong>vulneribus</strong></span> <span class='ocrx_word' id='word_1_40' title='bbox 200 797 286 841; x_wconf 81' lang='lat' dir='ltr'><strong>mederi,</strong></span> <span class='ocrx_word' id='word_1_41' title='bbox 299 808 386 844; x_wconf 89' lang='lat' dir='ltr'><strong>eumque</strong></span> <span class='ocrx_word' id='word_1_42' title='bbox 397 795 417 832; x_wconf 92' lang='lat' dir='ltr'><strong>in</strong></span> <span class='ocrx_word' id='word_1_43' title='bbox 429 797 574 845; x_wconf 89' lang='lat' dir='ltr'><strong>prosequenda</strong></span> <span class='ocrx_word' id='word_1_44' title='bbox 585 797 670 834; x_wconf 89' lang='lat' dir='ltr'><strong>virtutis</strong></span> <span class='ocrx_word' id='word_1_45' title='bbox 689 798 764 834; x_wconf 88' lang='lat' dir='ltr'><strong>semita</strong></span> <span class='ocrx_word' id='word_1_46' title='bbox 781 797 875 848; x_wconf 81' lang='lat' dir='ltr'><strong>dirigere</strong></span> 
     </span>
     <span class='ocr_line' id='line_1_8' title="bbox 67 854 875 905; baseline 0 -13"><span class='ocrx_word' id='word_1_47' title='bbox 67 857 141 903; x_wconf 84' lang='lat' dir='ltr'><strong>possit,</strong></span> <span class='ocrx_word' id='word_1_48' title='bbox 153 858 190 893; x_wconf 88' lang='lat' dir='ltr'><strong>sed</strong></span> <span class='ocrx_word' id='word_1_49' title='bbox 201 863 299 903; x_wconf 80' lang='lat' dir='ltr'><strong>tanquam</strong></span> <span class='ocrx_word' id='word_1_50' title='bbox 310 855 351 891; x_wconf 89' lang='lat' dir='ltr'><strong>Dei</strong></span> <span class='ocrx_word' id='word_1_51' title='bbox 361 854 427 903; x_wconf 91' lang='lat' dir='ltr'><strong>ipsius</strong></span> <span class='ocrx_word' id='word_1_52' title='bbox 439 855 535 904; x_wconf 85' lang='lat' dir='ltr'><strong>minister</strong></span> <span class='ocrx_word' id='word_1_53' title='bbox 546 856 606 893; x_wconf 89' lang='lat' dir='ltr'><strong>nobis</strong></span> <span class='ocrx_word' id='word_1_54' title='bbox 617 857 748 905; x_wconf 87' lang='lat' dir='ltr'><strong>proponitur,</strong></span> <span class='ocrx_word' id='word_1_55' title='bbox 761 857 795 893; x_wconf 91' lang='lat' dir='ltr'><strong>cui</strong></span> <span class='ocrx_word' id='word_1_56' title='bbox 802 868 875 904; x_wconf 91' lang='lat' dir='ltr'><strong>super·</strong></span> 
     </span>
     <span class='ocr_line' id='line_1_9' title="bbox 67 913 875 967; baseline 0 -15"><span class='ocrx_word' id='word_1_57' title='bbox 67 926 93 952; x_wconf 90' lang='lat' dir='ltr'><strong>ua</strong></span> <span class='ocrx_word' id='word_1_58' title='bbox 103 915 184 967; x_wconf 80' lang='lat' dir='ltr'><strong>ligandi</strong></span> <span class='ocrx_word' id='word_1_59' title='bbox 195 921 216 952; x_wconf 93' lang='lat' dir='ltr'><strong>et</strong></span> <span class='ocrx_word' id='word_1_60' title='bbox 227 913 321 952; x_wconf 91' lang='lat' dir='ltr'><strong>solvendi</strong></span> <span class='ocrx_word' id='word_1_61' title='bbox 331 919 426 964; x_wconf 83' lang='lat' dir='ltr'><strong>potestas</strong></span> <span class='ocrx_word' id='word_1_62' title='bbox 438 914 551 952; x_wconf 91' lang='lat' dir='ltr'><strong>commissa</strong></span> <span class='ocrx_word' id='word_1_63' title='bbox 562 914 608 952; x_wconf 85' lang='lat' dir='ltr'><strong>fuit.</strong></span> <span class='ocrx_word' id='word_1_64' title='bbox 619 916 716 965; x_wconf 88' lang='lat' dir='ltr'><strong>Dumque</strong></span> <span class='ocrx_word' id='word_1_65' title='bbox 727 914 767 953; x_wconf 89' lang='lat' dir='ltr'><strong>hac</strong></span> <span class='ocrx_word' id='word_1_66' title='bbox 777 915 875 953; x_wconf 88' lang='lat' dir='ltr'><strong>divinitus</strong></span> 
     </span>
     <span class='ocr_line' id='line_1_10' title="bbox 68 975 876 1025; baseline 0.001 -13"><span class='ocrx_word' id='word_1_67' title='bbox 68 975 108 1013; x_wconf 89' lang='lat' dir='ltr'><strong>sibi</strong></span> <span class='ocrx_word' id='word_1_68' title='bbox 119 976 241 1015; x_wconf 88' lang='lat' dir='ltr'><strong>concredita</strong></span> <span class='ocrx_word' id='word_1_69' title='bbox 252 980 356 1025; x_wconf 83' lang='lat' dir='ltr'><strong>potestate</strong></span> <span class='ocrx_word' id='word_1_70' title='bbox 367 975 444 1020; x_wconf 90' lang='lat' dir='ltr'><strong>utitur,</strong></span> <span class='ocrx_word' id='word_1_71' title='bbox 457 975 549 1023; x_wconf 89' lang='lat' dir='ltr'><strong>ejusdem</strong></span> <span class='ocrx_word' id='word_1_72' title='bbox 561 975 663 1014; x_wconf 84' lang='lat' dir='ltr'><strong>absolutio</strong></span> <span class='ocrx_word' id='word_1_73' title='bbox 676 989 716 1013; x_wconf 92' lang='lat' dir='ltr'><strong>non</strong></span> <span class='ocrx_word' id='word_1_74' title='bbox 729 982 762 1014; x_wconf 91' lang='lat' dir='ltr'><strong>est</strong></span> <span class='ocrx_word' id='word_1_75' title='bbox 773 989 831 1013; x_wconf 86' lang='lat' dir='ltr'><strong>mera</strong></span> <span class='ocrx_word' id='word_1_76' title='bbox 842 989 876 1014; x_wconf 90' lang='lat' dir='ltr'><strong>re-</strong></span> 
     </span>
     <span class='ocr_line' id='line_1_11' title="bbox 66 1036 876 1090; baseline 0 -13"><span class='ocrx_word' id='word_1_77' title='bbox 66 1037 173 1078; x_wconf 85' lang='lat' dir='ltr'><strong>missionis</strong></span> <span class='ocrx_word' id='word_1_78' title='bbox 185 1037 307 1085; x_wconf 80' lang='lat' dir='ltr'><strong>declaratio,</strong></span> <span class='ocrx_word' id='word_1_79' title='bbox 324 1036 361 1076; x_wconf 90' lang='lat' dir='ltr'><strong>sed</strong></span> <span class='ocrx_word' id='word_1_80' title='bbox 373 1043 406 1075; x_wconf 91' lang='lat' dir='ltr'><strong>est</strong></span> <span class='ocrx_word' id='word_1_81' title='bbox 417 1043 476 1077; x_wconf 90' lang='lat' dir='ltr'><strong>actus</strong></span> <span class='ocrx_word' id='word_1_82' title='bbox 487 1037 573 1090; x_wconf 89' lang='lat' dir='ltr'><strong>proprie</strong></span> <span class='ocrx_word' id='word_1_83' title='bbox 578 1037 706 1090; x_wconf 74' lang='lat' dir='ltr'><strong>judicialis,</strong></span> <span class='ocrx_word' id='word_1_84' title='bbox 720 1051 758 1090; x_wconf 94' lang='lat' dir='ltr'><strong>quo</strong></span> <span class='ocrx_word' id='word_1_85' title='bbox 771 1051 849 1077; x_wconf 86' lang='lat' dir='ltr'><strong>revera</strong></span> <span class='ocrx_word' id='word_1_86' title='bbox 864 1051 876 1076; x_wconf 88' lang='lat' dir='ltr'><strong>a</strong></span> 
     </span>
     <span class='ocr_line' id='line_1_12' title="bbox 67 1100 875 1153; baseline 0.002 -14"><span class='ocrx_word' id='word_1_87' title='bbox 67 1102 160 1151; x_wconf 89' lang='lat' dir='ltr'><strong>peccatis</strong></span> <span class='ocrx_word' id='word_1_88' title='bbox 173 1100 308 1146; x_wconf 83' lang='lat' dir='ltr'><strong>absolvimur,</strong></span> <span class='ocrx_word' id='word_1_89' title='bbox 324 1107 345 1139; x_wconf 90' lang='lat' dir='ltr'><strong>et</strong></span> <span class='ocrx_word' id='word_1_90' title='bbox 356 1101 432 1140; x_wconf 92' lang='lat' dir='ltr'><strong>merita</strong></span> <span class='ocrx_word' id='word_1_91' title='bbox 444 1100 524 1140; x_wconf 76' lang='lat' dir='ltr'><strong>Christi</strong></span> <span class='ocrx_word' id='word_1_92' title='bbox 541 1101 686 1153; x_wconf 87' lang='lat' dir='ltr'><strong>coelestesque</strong></span> <span class='ocrx_word' id='word_1_93' title='bbox 705 1103 787 1153; x_wconf 82' lang='lat' dir='ltr'><strong>gratiae</strong></span> <span class='ocrx_word' id='word_1_94' title='bbox 807 1103 875 1151; x_wconf 82' lang='lat' dir='ltr'><strong>[dum-</strong></span> 
     </span>
     <span class='ocr_line' id='line_1_13' title="bbox 67 1163 875 1213; baseline 0.002 -14"><span class='ocrx_word' id='word_1_95' title='bbox 67 1164 126 1201; x_wconf 89' lang='lat' dir='ltr'><strong>modo</strong></span> <span class='ocrx_word' id='word_1_96' title='bbox 138 1163 215 1200; x_wconf 93' lang='lat' dir='ltr'><strong>nullum</strong></span> <span class='ocrx_word' id='word_1_97' title='bbox 226 1175 326 1212; x_wconf 90' lang='lat' dir='ltr'><strong>ponamus</strong></span> <span class='ocrx_word' id='word_1_98' title='bbox 339 1163 431 1211; x_wconf 82' lang='lat' dir='ltr'><strong>obicem]</strong></span> <span class='ocrx_word' id='word_1_99' title='bbox 443 1164 564 1213; x_wconf 77' lang='lat' dir='ltr'><strong>largissime</strong></span> <span class='ocrx_word' id='word_1_100' title='bbox 576 1164 596 1201; x_wconf 91' lang='lat' dir='ltr'><strong>in</strong></span> <span class='ocrx_word' id='word_1_101' title='bbox 608 1176 646 1201; x_wconf 91' lang='lat' dir='ltr'><strong>nos</strong></span> <span class='ocrx_word' id='word_1_102' title='bbox 657 1164 811 1213; x_wconf 88' lang='lat' dir='ltr'><strong>dispensantur.</strong></span> <span class='ocrx_word' id='word_1_103' title='bbox 825 1164 875 1202; x_wconf 77' lang='lat' dir='ltr'><strong>Cum</strong></span> 
     </span>
     <span class='ocr_line' id='line_1_14' title="bbox 67 1223 876 1274; baseline 0.005 -15"><span class='ocrx_word' id='word_1_104' title='bbox 67 1224 122 1261; x_wconf 86' lang='lat' dir='ltr'><strong>enim</strong></span> <span class='ocrx_word' id='word_1_105' title='bbox 134 1223 232 1261; x_wconf 78' lang='lat' dir='ltr'><strong>Christus</strong></span> <span class='ocrx_word' id='word_1_106' title='bbox 244 1224 390 1262; x_wconf 86' lang='lat' dir='ltr'><strong>sacerdotibus</strong></span> <span class='ocrx_word' id='word_1_107' title='bbox 401 1230 526 1272; x_wconf 90' lang='lat' dir='ltr'><strong>potestatem</strong></span> <span class='ocrx_word' id='word_1_108' title='bbox 537 1225 658 1262; x_wconf 91' lang='lat' dir='ltr'><strong>remittendi</strong></span> <span class='ocrx_word' id='word_1_109' title='bbox 670 1231 690 1262; x_wconf 93' lang='lat' dir='ltr'><strong>et</strong></span> <span class='ocrx_word' id='word_1_110' title='bbox 705 1225 810 1263; x_wconf 89' lang='lat' dir='ltr'><strong>retinendi</strong></span> <span class='ocrx_word' id='word_1_111' title='bbox 827 1237 876 1274; x_wconf 88' lang='lat' dir='ltr'><strong>pec-</strong></span> 
     </span>
     <span class='ocr_line' id='line_1_15' title="bbox 68 1283 876 1334; baseline 0.002 -14"><span class='ocrx_word' id='word_1_112' title='bbox 68 1289 115 1321; x_wconf 89' lang='lat' dir='ltr'><strong>cata</strong></span> <span class='ocrx_word' id='word_1_113' title='bbox 126 1283 239 1329; x_wconf 81' lang='lat' dir='ltr'><strong>concessit,</strong></span> <span class='ocrx_word' id='word_1_114' title='bbox 251 1295 310 1321; x_wconf 90' lang='lat' dir='ltr'><strong>meus</strong></span> <span class='ocrx_word' id='word_1_115' title='bbox 322 1284 367 1332; x_wconf 88' lang='lat' dir='ltr'><strong>ejus</strong></span> <span class='ocrx_word' id='word_1_116' title='bbox 380 1290 438 1322; x_wconf 87' lang='lat' dir='ltr'><strong>certe</strong></span> <span class='ocrx_word' id='word_1_117' title='bbox 451 1284 491 1321; x_wconf 91' lang='lat' dir='ltr'><strong>alia</strong></span> <span class='ocrx_word' id='word_1_118' title='bbox 504 1296 543 1322; x_wconf 92' lang='lat' dir='ltr'><strong>non</strong></span> <span class='ocrx_word' id='word_1_119' title='bbox 556 1284 605 1329; x_wconf 88' lang='lat' dir='ltr'><strong>fuit,</strong></span> <span class='ocrx_word' id='word_1_120' title='bbox 623 1297 682 1334; x_wconf 88' lang='lat' dir='ltr'><strong>quam</strong></span> <span class='ocrx_word' id='word_1_121' title='bbox 699 1291 723 1322; x_wconf 89' lang='lat' dir='ltr'><strong>ut</strong></span> <span class='ocrx_word' id='word_1_122' title='bbox 741 1284 876 1334; x_wconf 82' lang='lat' dir='ltr'><strong>inquisitione</strong></span> 
     </span>
     <span class='ocr_line' id='line_1_16' title="bbox 66 1343 875 1395; baseline 0.002 -15"><span class='ocrx_word' id='word_1_123' title='bbox 66 1343 130 1389; x_wconf 84' lang='lat' dir='ltr'><strong>facta,</strong></span> <span class='ocrx_word' id='word_1_124' title='bbox 143 1350 164 1381; x_wconf 90' lang='lat' dir='ltr'><strong>et</strong></span> <span class='ocrx_word' id='word_1_125' title='bbox 176 1357 240 1383; x_wconf 90' lang='lat' dir='ltr'><strong>causa</strong></span> <span class='ocrx_word' id='word_1_126' title='bbox 252 1344 345 1395; x_wconf 79' lang='lat' dir='ltr'><strong>cognita,</strong></span> <span class='ocrx_word' id='word_1_127' title='bbox 358 1357 408 1394; x_wconf 90' lang='lat' dir='ltr'><strong>quos</strong></span> <span class='ocrx_word' id='word_1_128' title='bbox 421 1345 496 1395; x_wconf 77' lang='lat' dir='ltr'><strong>dignos</strong></span> <span class='ocrx_word' id='word_1_129' title='bbox 504 1345 654 1393; x_wconf 84' lang='lat' dir='ltr'><strong>judicaverint,</strong></span> <span class='ocrx_word' id='word_1_130' title='bbox 667 1346 808 1390; x_wconf 87' lang='lat' dir='ltr'><strong>absolverent,</strong></span> <span class='ocrx_word' id='word_1_131' title='bbox 825 1345 875 1383; x_wconf 85' lang='lat' dir='ltr'><strong>reli-</strong></span> 
     </span>
     <span class='ocr_line' id='line_1_17' title="bbox 67 1405 875 1455; baseline 0.002 -14"><span class='ocrx_word' id='word_1_132' title='bbox 67 1405 113 1453; x_wconf 91' lang='lat' dir='ltr'><strong>quis</strong></span> <span class='ocrx_word' id='word_1_133' title='bbox 124 1411 213 1454; x_wconf 85' lang='lat' dir='ltr'><strong>peccata</strong></span> <span class='ocrx_word' id='word_1_134' title='bbox 224 1406 351 1450; x_wconf 67' lang='lat' dir='ltr'><strong>retinerent,</strong></span> <span class='ocrx_word' id='word_1_135' title='bbox 363 1405 402 1443; x_wconf 88' lang='lat' dir='ltr'><strong>hoc</strong></span> <span class='ocrx_word' id='word_1_136' title='bbox 415 1406 469 1443; x_wconf 91' lang='lat' dir='ltr'><strong>enim</strong></span> <span class='ocrx_word' id='word_1_137' title='bbox 480 1406 546 1443; x_wconf 91' lang='lat' dir='ltr'><strong>verba</strong></span> <span class='ocrx_word' id='word_1_138' title='bbox 556 1406 586 1443; x_wconf 88' lang='lat' dir='ltr'><strong>ita</strong></span> <span class='ocrx_word' id='word_1_139' title='bbox 598 1406 723 1455; x_wconf 78' lang='lat' dir='ltr'><strong>exprimunt,</strong></span> <span class='ocrx_word' id='word_1_140' title='bbox 741 1412 815 1443; x_wconf 88' lang='lat' dir='ltr'><strong>utnon</strong></span> <span class='ocrx_word' id='word_1_141' title='bbox 827 1418 875 1455; x_wconf 89' lang='lat' dir='ltr'><strong>pos-</strong></span> 
     </span>
     <span class='ocr_line' id='line_1_18' title="bbox 67 1464 876 1517; baseline 0.001 -16"><span class='ocrx_word' id='word_1_142' title='bbox 67 1464 110 1501; x_wconf 89' lang='lat' dir='ltr'><strong>sint</strong></span> <span class='ocrx_word' id='word_1_143' title='bbox 121 1465 183 1502; x_wconf 91' lang='lat' dir='ltr'><strong>aliter</strong></span> <span class='ocrx_word' id='word_1_144' title='bbox 194 1466 291 1517; x_wconf 79' lang='lat' dir='ltr'><strong>intelligi.</strong></span> <span class='ocrx_word' id='word_1_145' title='bbox 306 1466 420 1502; x_wconf 87' lang='lat' dir='ltr'><strong>Manifeste</strong></span> <span class='ocrx_word' id='word_1_146' title='bbox 431 1465 484 1502; x_wconf 89' lang='lat' dir='ltr'><strong>haec</strong></span> <span class='ocrx_word' id='word_1_147' title='bbox 495 1478 531 1503; x_wconf 93' lang='lat' dir='ltr'><strong>res</strong></span> <span class='ocrx_word' id='word_1_148' title='bbox 550 1466 667 1503; x_wconf 88' lang='lat' dir='ltr'><strong>ostenditur</strong></span> <span class='ocrx_word' id='word_1_149' title='bbox 684 1478 710 1502; x_wconf 83' lang='lat' dir='ltr'><strong>ex</strong></span> <span class='ocrx_word' id='word_1_150' title='bbox 723 1466 796 1502; x_wconf 84' lang='lat' dir='ltr'><strong>verbis</strong></span> <span class='ocrx_word' id='word_1_151' title='bbox 812 1466 876 1503; x_wconf 88' lang='lat' dir='ltr'><strong>Joau-</strong></span> 
     </span>
     <span class='ocr_line' id='line_1_19' title="bbox 67 1523 877 1574; baseline 0 -13"><span class='ocrx_word' id='word_1_152' title='bbox 67 1523 136 1571; x_wconf 80' lang='lat' dir='ltr'><strong>nis¹];</strong></span> <span class='ocrx_word' id='word_1_153' title='bbox 148 1536 214 1574; x_wconf 85' lang='lat' dir='ltr'><strong>neque</strong></span> <span class='ocrx_word' id='word_1_154' title='bbox 226 1526 280 1562; x_wconf 90' lang='lat' dir='ltr'><strong>enim</strong></span> <span class='ocrx_word' id='word_1_155' title='bbox 292 1524 389 1562; x_wconf 75' lang='lat' dir='ltr'><strong>Christus</strong></span> <span class='ocrx_word' id='word_1_156' title='bbox 408 1525 478 1563; x_wconf 87' lang='lat' dir='ltr'><strong>dicere</strong></span> <span class='ocrx_word' id='word_1_157' title='bbox 493 1525 609 1574; x_wconf 89' lang='lat' dir='ltr'><strong>potuisset:</strong></span> <span class='ocrx_word' id='word_1_158' title='bbox 629 1524 736 1573; x_wconf 73' lang='lat' dir='ltr'><strong>„Quorum</strong></span> <span class='ocrx_word' id='word_1_159' title='bbox 750 1525 877 1562; x_wconf 83' lang='lat' dir='ltr'><strong>remiseritis</strong></span> 
     </span>
     <span class='ocr_line' id='line_1_20' title="bbox 66 1585 877 1632; baseline 0.001 -12"><span class='ocrx_word' id='word_1_160' title='bbox 66 1590 160 1632; x_wconf 88' lang='lat' dir='ltr'><strong>peecata,</strong></span> <span class='ocrx_word' id='word_1_161' title='bbox 172 1585 307 1621; x_wconf 87' lang='lat' dir='ltr'><strong>remittentur</strong></span> <span class='ocrx_word' id='word_1_162' title='bbox 319 1585 374 1629; x_wconf 79' lang='lat' dir='ltr'><strong>eis;’&#39;</strong></span> <span class='ocrx_word' id='word_1_163' title='bbox 387 1585 424 1621; x_wconf 91' lang='lat' dir='ltr'><strong>sed</strong></span> <span class='ocrx_word' id='word_1_164' title='bbox 436 1585 544 1621; x_wconf 88' lang='lat' dir='ltr'><strong>debuisset</strong></span> <span class='ocrx_word' id='word_1_165' title='bbox 556 1585 639 1622; x_wconf 84' lang='lat' dir='ltr'><strong>dicere:</strong></span> <span class='ocrx_word' id='word_1_166' title='bbox 658 1585 715 1632; x_wconf 76' lang='lat' dir='ltr'><strong>Quae</strong></span> <span class='ocrx_word' id='word_1_167' title='bbox 730 1585 822 1621; x_wconf 90' lang='lat' dir='ltr'><strong>remissa</strong></span> <span class='ocrx_word' id='word_1_168' title='bbox 833 1585 877 1621; x_wconf 87' lang='lat' dir='ltr'><strong>fue-</strong></span> 
     </span>
     <span class='ocr_line' id='line_1_21' title="bbox 66 1643 879 1698; baseline 0 -18"><span class='ocrx_word' id='word_1_169' title='bbox 66 1643 109 1681; x_wconf 90' lang='lat' dir='ltr'><strong>rint</strong></span> <span class='ocrx_word' id='word_1_170' title='bbox 119 1644 140 1681; x_wconf 95' lang='lat' dir='ltr'><strong>in</strong></span> <span class='ocrx_word' id='word_1_171' title='bbox 153 1644 233 1698; x_wconf 64' lang='lat' dir='ltr'><strong>coelis,</strong></span> <span class='ocrx_word' id='word_1_172' title='bbox 245 1643 297 1682; x_wconf 89' lang='lat' dir='ltr'><strong>haec</strong></span> <span class='ocrx_word' id='word_1_173' title='bbox 308 1656 345 1681; x_wconf 90' lang='lat' dir='ltr'><strong>vos</strong></span> <span class='ocrx_word' id='word_1_174' title='bbox 357 1643 449 1682; x_wconf 89' lang='lat' dir='ltr'><strong>remissa</strong></span> <span class='ocrx_word' id='word_1_175' title='bbox 461 1644 596 1683; x_wconf 89' lang='lat' dir='ltr'><strong>declarabitis</strong></span> <span class='ocrx_word' id='word_1_176' title='bbox 613 1645 634 1681; x_wconf 92' lang='lat' dir='ltr'><strong>in</strong></span> <span class='ocrx_word' id='word_1_177' title='bbox 650 1644 721 1682; x_wconf 84' lang='lat' dir='ltr'><strong>terris.</strong></span> <span class='ocrx_word' id='word_1_178' title='bbox 745 1644 797 1682; x_wconf 77' lang='lat' dir='ltr'><strong>Cum</strong></span> <span class='ocrx_word' id='word_1_179' title='bbox 811 1644 879 1695; x_wconf 84' lang='lat' dir='ltr'><strong>igitur</strong></span> 
     </span>
     <span class='ocr_line' id='line_1_22' title="bbox 66 1704 879 1754; baseline -0.002 -11"><span class='ocrx_word' id='word_1_180' title='bbox 66 1704 131 1743; x_wconf 87' lang='lat' dir='ltr'><strong>Filius</strong></span> <span class='ocrx_word' id='word_1_181' title='bbox 148 1704 199 1751; x_wconf 86' lang='lat' dir='ltr'><strong>Dei,</strong></span> <span class='ocrx_word' id='word_1_182' title='bbox 217 1704 278 1743; x_wconf 89' lang='lat' dir='ltr'><strong>homo</strong></span> <span class='ocrx_word' id='word_1_183' title='bbox 298 1704 395 1743; x_wconf 74' lang='lat' dir='ltr'><strong>Christus</strong></span> <span class='ocrx_word' id='word_1_184' title='bbox 413 1705 490 1750; x_wconf 87' lang='lat' dir='ltr'><strong>Jesus,</strong></span> <span class='ocrx_word' id='word_1_185' title='bbox 510 1705 544 1744; x_wconf 89' lang='lat' dir='ltr'><strong>cui</strong></span> <span class='ocrx_word' id='word_1_186' title='bbox 560 1717 619 1743; x_wconf 90' lang='lat' dir='ltr'><strong>omne</strong></span> <span class='ocrx_word' id='word_1_187' title='bbox 634 1705 737 1754; x_wconf 86' lang='lat' dir='ltr'><strong>judicium</strong></span> <span class='ocrx_word' id='word_1_188' title='bbox 755 1705 825 1743; x_wconf 88' lang='lat' dir='ltr'><strong>datum</strong></span> <span class='ocrx_word' id='word_1_189' title='bbox 846 1710 879 1742; x_wconf 90' lang='lat' dir='ltr'><strong>est</strong></span> 
     </span>
     <span class='ocr_line' id='line_1_23' title="bbox 67 1765 878 1819; baseline 0 -13"><span class='ocrx_word' id='word_1_190' title='bbox 67 1767 174 1819; x_wconf 86' lang='lat' dir='ltr'><strong>omnisque</strong></span> <span class='ocrx_word' id='word_1_191' title='bbox 186 1773 280 1819; x_wconf 88' lang='lat' dir='ltr'><strong>potestas</strong></span> <span class='ocrx_word' id='word_1_192' title='bbox 291 1768 312 1807; x_wconf 91' lang='lat' dir='ltr'><strong>in</strong></span> <span class='ocrx_word' id='word_1_193' title='bbox 325 1769 383 1807; x_wconf 90' lang='lat' dir='ltr'><strong>coelo</strong></span> <span class='ocrx_word' id='word_1_194' title='bbox 396 1768 447 1806; x_wconf 91' lang='lat' dir='ltr'><strong>etin</strong></span> <span class='ocrx_word' id='word_1_195' title='bbox 459 1774 525 1814; x_wconf 88' lang='lat' dir='ltr'><strong>terra,</strong></span> <span class='ocrx_word' id='word_1_196' title='bbox 538 1767 615 1807; x_wconf 80' lang='lat' dir='ltr'><strong>dixerit</strong></span> <span class='ocrx_word' id='word_1_197' title='bbox 626 1768 744 1819; x_wconf 80' lang='lat' dir='ltr'><strong>Apostolis:</strong></span> <span class='ocrx_word' id='word_1_198' title='bbox 757 1765 824 1807; x_wconf 78' lang='lat' dir='ltr'><strong>Sicut</strong></span> <span class='ocrx_word' id='word_1_199' title='bbox 833 1770 878 1806; x_wconf 84' lang='lat' dir='ltr'><strong>mi-</strong></span> 
     </span>
     <span class='ocr_line' id='line_1_24' title="bbox 66 1829 877 1883; baseline 0 -15"><span class='ocrx_word' id='word_1_200' title='bbox 66 1832 98 1868; x_wconf 82' lang='lat' dir='ltr'><strong>sit</strong></span> <span class='ocrx_word' id='word_1_201' title='bbox 106 1843 140 1869; x_wconf 79' lang='lat' dir='ltr'><strong>nce</strong></span> <span class='ocrx_word' id='word_1_202' title='bbox 150 1829 232 1882; x_wconf 77' lang='lat' dir='ltr'><strong>Pater,</strong></span> <span class='ocrx_word' id='word_1_203' title='bbox 243 1834 268 1870; x_wconf 75' lang='lat' dir='ltr'><strong>‘et</strong></span> <span class='ocrx_word' id='word_1_204' title='bbox 277 1843 314 1881; x_wconf 80' lang='lat' dir='ltr'><strong>epo</strong></span> <span class='ocrx_word' id='word_1_205' title='bbox 326 1833 387 1870; x_wconf 78' lang='lat' dir='ltr'><strong>ncitto</strong></span> <span class='ocrx_word' id='word_1_206' title='bbox 399 1843 448 1877; x_wconf 81' lang='lat' dir='ltr'><strong>ccs3</strong></span> <span class='ocrx_word' id='word_1_207' title='bbox 467 1843 561 1883; x_wconf 79' lang='lat' dir='ltr'><strong>quorum</strong></span> <span class='ocrx_word' id='word_1_208' title='bbox 577 1838 618 1870; x_wconf 91' lang='lat' dir='ltr'><strong>etc.</strong></span> <span class='ocrx_word' id='word_1_209' title='bbox 631 1831 710 1883; x_wconf 85' lang='lat' dir='ltr'><strong>ambigi</strong></span> <span class='ocrx_word' id='word_1_210' title='bbox 721 1832 778 1869; x_wconf 89' lang='lat' dir='ltr'><strong>nulla</strong></span> <span class='ocrx_word' id='word_1_211' title='bbox 795 1831 877 1869; x_wconf 91' lang='lat' dir='ltr'><strong>ratione</strong></span> 
     </span>
     <span class='ocr_line' id='line_1_25' title="bbox 66 1883 878 1943; baseline -0.001 -13"><span class='ocrx_word' id='word_1_212' title='bbox 66 1898 146 1941; x_wconf 89' lang='lat' dir='ltr'><strong>potest,</strong></span> <span class='ocrx_word' id='word_1_213' title='bbox 164 1905 200 1930; x_wconf 88' lang='lat' dir='ltr'><strong>eos</strong></span> <span class='ocrx_word' id='word_1_214' title='bbox 213 1904 260 1930; x_wconf 86' lang='lat' dir='ltr'><strong>esse</strong></span> <span class='ocrx_word' id='word_1_215' title='bbox 272 1890 364 1942; x_wconf 78' lang='lat' dir='ltr'><strong>jicdices</strong></span> <span class='ocrx_word' id='word_1_216' title='bbox 379 1896 522 1943; x_wconf 81' lang='lat' dir='ltr'><strong>peccatorum</strong></span> <span class='ocrx_word' id='word_1_217' title='bbox 539 1905 551 1930; x_wconf 89' lang='lat' dir='ltr'><strong>a</strong></span> <span class='ocrx_word' id='word_1_218' title='bbox 570 1893 654 1931; x_wconf 82' lang='lat' dir='ltr'><strong>Christo</strong></span> <span class='ocrx_word' id='word_1_219' title='bbox 666 1883 758 1930; x_wconf 81' lang='lat' dir='ltr'><strong>Domino</strong></span> <span class='ocrx_word' id='word_1_220' title='bbox 776 1892 878 1930; x_wconf 89' lang='lat' dir='ltr'><strong>constitu-</strong></span> 
     </span>
     <span class='ocr_line' id='line_1_26' title="bbox 67 1952 878 2003; baseline 0 -13"><span class='ocrx_word' id='word_1_221' title='bbox 67 1952 134 2001; x_wconf 74' lang='lat' dir='ltr'><strong>tos2).</strong></span> <span class='ocrx_word' id='word_1_222' title='bbox 160 1952 203 1991; x_wconf 84' lang='lat' dir='ltr'><strong>Sed</strong></span> <span class='ocrx_word' id='word_1_223' title='bbox 228 1965 307 2003; x_wconf 91' lang='lat' dir='ltr'><strong>quoque</strong></span> <span class='ocrx_word' id='word_1_224' title='bbox 326 1959 429 2003; x_wconf 88' lang='lat' dir='ltr'><strong>perpetua</strong></span> <span class='ocrx_word' id='word_1_225' title='bbox 446 1954 558 1992; x_wconf 87' lang='lat' dir='ltr'><strong>Ecclesiae</strong></span> <span class='ocrx_word' id='word_1_226' title='bbox 576 1954 688 1992; x_wconf 89' lang='lat' dir='ltr'><strong>traditione</strong></span> <span class='ocrx_word' id='word_1_227' title='bbox 707 1960 727 1990; x_wconf 92' lang='lat' dir='ltr'><strong>et</strong></span> <span class='ocrx_word' id='word_1_228' title='bbox 746 1953 878 2003; x_wconf 89' lang='lat' dir='ltr'><strong>antiquorum</strong></span> 
     </span>
     <span class='ocr_line' id='line_1_27' title="bbox 66 2013 877 2064; baseline 0.002 -15"><span class='ocrx_word' id='word_1_229' title='bbox 66 2013 154 2050; x_wconf 89' lang='lat' dir='ltr'><strong>Patrum</strong></span> <span class='ocrx_word' id='word_1_230' title='bbox 165 2013 291 2051; x_wconf 88' lang='lat' dir='ltr'><strong>testimoniis</strong></span> <span class='ocrx_word' id='word_1_231' title='bbox 305 2014 424 2060; x_wconf 85' lang='lat' dir='ltr'><strong>edocemur,</strong></span> <span class='ocrx_word' id='word_1_232' title='bbox 437 2014 471 2064; x_wconf 92' lang='lat' dir='ltr'><strong>qui</strong></span> <span class='ocrx_word' id='word_1_233' title='bbox 482 2014 772 2063; x_wconf 85' lang='lat' dir='ltr'><strong>unanimivoceprolitentur,</strong></span> <span class='ocrx_word' id='word_1_234' title='bbox 784 2020 877 2062; x_wconf 85' lang='lat' dir='ltr'><strong>potesta·</strong></span> 
     </span>
     <span class='ocr_line' id='line_1_28' title="bbox 66 2065 878 2123; baseline 0 -13"><span class='ocrx_word' id='word_1_235' title='bbox 66 2079 109 2111; x_wconf 87' lang='lat' dir='ltr'><strong>tem</strong></span> <span class='ocrx_word' id='word_1_236' title='bbox 121 2073 254 2110; x_wconf 83' lang='lat' dir='ltr'><strong>sacerdotum</strong></span> <span class='ocrx_word' id='word_1_237' title='bbox 264 2073 424 2122; x_wconf 78' lang='lat' dir='ltr'><strong>ipsius&#39;Christi</strong></span> <span class='ocrx_word' id='word_1_238' title='bbox 434 2080 559 2123; x_wconf 86' lang='lat' dir='ltr'><strong>potestatem</strong></span> <span class='ocrx_word' id='word_1_239' title='bbox 571 2087 626 2112; x_wconf 87' lang='lat' dir='ltr'><strong>esse.</strong></span> <span class='ocrx_word' id='word_1_240' title='bbox 646 2065 719 2122; x_wconf 74' lang='lat' dir='ltr'><strong>„Quod</strong></span> <span class='ocrx_word' id='word_1_241' title='bbox 729 2086 767 2123; x_wconf 90' lang='lat' dir='ltr'><strong>per</strong></span> <span class='ocrx_word' id='word_1_242' title='bbox 780 2074 878 2112; x_wconf 87' lang='lat' dir='ltr'><strong>sacerdo·⁷</strong></span> 
     </span>
     <span class='ocr_line' id='line_1_29' title="bbox 67 2131 879 2183; baseline -0.001 -13"><span class='ocrx_word' id='word_1_243' title='bbox 67 2138 99 2170; x_wconf 87' lang='lat' dir='ltr'><strong>tes</strong></span> <span class='ocrx_word' id='word_1_244' title='bbox 123 2132 184 2178; x_wconf 86' lang='lat' dir='ltr'><strong>facit,</strong></span> <span class='ocrx_word' id='word_1_245' title='bbox 210 2133 277 2182; x_wconf 94' lang='lat' dir='ltr'><strong>ipsius</strong></span> <span class='ocrx_word' id='word_1_246' title='bbox 300 2133 381 2171; x_wconf 78' lang='lat' dir='ltr'><strong>Christi</strong></span> <span class='ocrx_word' id='word_1_247' title='bbox 400 2139 494 2182; x_wconf 85' lang='lat' dir='ltr'><strong>potestas</strong></span> <span class='ocrx_word' id='word_1_248' title='bbox 523 2134 581 2178; x_wconf 85' lang='lat' dir='ltr'><strong>est,”</strong></span> <span class='ocrx_word' id='word_1_249' title='bbox 603 2135 670 2183; x_wconf 86' lang='lat' dir='ltr'><strong>inquit</strong></span> <span class='ocrx_word' id='word_1_250' title='bbox 691 2131 829 2180; x_wconf 72' lang='lat' dir='ltr'><strong>Paeianus3).</strong></span> <span class='ocrx_word' id='word_1_251' title='bbox 851 2135 879 2169; x_wconf 84' lang='lat' dir='ltr'><strong>Et</strong></span> 
     </span>
     <span class='ocr_line' id='line_1_30' title="bbox 68 2192 879 2244; baseline -0.001 -14"><span class='ocrx_word' id='word_1_252' title='bbox 68 2193 90 2230; x_wconf 83' lang='lat' dir='ltr'><strong>S.</strong></span> <span class='ocrx_word' id='word_1_253' title='bbox 104 2192 224 2243; x_wconf 81' lang='lat' dir='ltr'><strong>Gregorius</strong></span> <span class='ocrx_word' id='word_1_254' title='bbox 236 2205 341 2242; x_wconf 84' lang='lat' dir='ltr'><strong>exponens</strong></span> <span class='ocrx_word' id='word_1_255' title='bbox 353 2193 405 2231; x_wconf 87' lang='lat' dir='ltr'><strong>haee</strong></span> <span class='ocrx_word' id='word_1_256' title='bbox 416 2194 610 2244; x_wconf 80' lang='lat' dir='ltr'><strong>verbaEvangelii:</strong></span> <span class='ocrx_word' id='word_1_257' title='bbox 631 2192 732 2240; x_wconf 67' lang='lat' dir='ltr'><strong>Quoniam</strong></span> <span class='ocrx_word' id='word_1_258' title='bbox 747 2195 879 2230; x_wconf 71' lang='lat' dir='ltr'><strong>rescisci-itis</strong></span> 
     </span>
     <span class='ocr_line' id='line_1_31' title="bbox 67 2252 878 2303; baseline 0 -13"><span class='ocrx_word' id='word_1_259' title='bbox 67 2255 107 2291; x_wconf 80' lang='lat' dir='ltr'><strong>etc.</strong></span> <span class='ocrx_word' id='word_1_260' title='bbox 120 2253 161 2291; x_wconf 91' lang='lat' dir='ltr'><strong>ait:</strong></span> <span class='ocrx_word' id='word_1_261' title='bbox 181 2252 337 2303; x_wconf 70' lang='lat' dir='ltr'><strong>„Principatum</strong></span> <span class='ocrx_word' id='word_1_262' title='bbox 356 2253 420 2290; x_wconf 92' lang='lat' dir='ltr'><strong>divini</strong></span> <span class='ocrx_word' id='word_1_263' title='bbox 433 2253 508 2301; x_wconf 81' lang='lat' dir='ltr'><strong>judicii</strong></span> <span class='ocrx_word' id='word_1_264' title='bbox 526 2255 650 2299; x_wconf 90' lang='lat' dir='ltr'><strong>sortiuntur,</strong></span> <span class='ocrx_word' id='word_1_265' title='bbox 662 2260 685 2291; x_wconf 95' lang='lat' dir='ltr'><strong>ut</strong></span> <span class='ocrx_word' id='word_1_266' title='bbox 691 2253 786 2290; x_wconf 87' lang='lat' dir='ltr'><strong>viceDei</strong></span> <span class='ocrx_word' id='word_1_267' title='bbox 794 2253 878 2302; x_wconf 94' lang='lat' dir='ltr'><strong>quibus·</strong></span> 
     </span>
     <span class='ocr_line' id='line_1_32' title="bbox 67 2312 878 2366; baseline 0 -15"><span class='ocrx_word' id='word_1_268' title='bbox 67 2313 208 2364; x_wconf 88' lang='lat' dir='ltr'><strong>dampeccata</strong></span> <span class='ocrx_word' id='word_1_269' title='bbox 214 2313 326 2359; x_wconf 90' lang='lat' dir='ltr'><strong>retineant,</strong></span> <span class='ocrx_word' id='word_1_270' title='bbox 339 2314 460 2364; x_wconf 85' lang='lat' dir='ltr'><strong>quibusdam</strong></span> <span class='ocrx_word' id='word_1_271' title='bbox 467 2315 563 2352; x_wconf 80' lang='lat' dir='ltr'><strong>relaxent</strong></span> <span class='ocrx_word' id='word_1_272' title='bbox 569 2312 610 2362; x_wconf 66' lang='grc'><strong>4).”</strong></span> <span class='ocrx_word' id='word_1_273' title='bbox 623 2314 645 2352; x_wconf 81' lang='lat' dir='ltr'><strong>S.</strong></span> <span class='ocrx_word' id='word_1_274' title='bbox 659 2314 830 2366; x_wconf 71' lang='lat' dir='ltr'><strong>chrysostomus,</strong></span> <span class='ocrx_word' id='word_1_275' title='bbox 842 2326 878 2351; x_wconf 92' lang='lat' dir='ltr'><strong>no·</strong></span> 
     </span>
     <span class='ocr_line' id='line_1_33' title="bbox 66 2368 878 2429; baseline -0.001 -15"><span class='ocrx_word' id='word_1_276' title='bbox 66 2387 105 2415; x_wconf 89' lang='lat' dir='ltr'><strong>vae</strong></span> <span class='ocrx_word' id='word_1_277' title='bbox 116 2376 172 2429; x_wconf 81' lang='lat' dir='ltr'><strong>legis</strong></span> <span class='ocrx_word' id='word_1_278' title='bbox 184 2376 305 2416; x_wconf 88' lang='lat' dir='ltr'><strong>sacerdotes</strong></span> <span class='ocrx_word' id='word_1_279' title='bbox 318 2388 364 2415; x_wconf 86' lang='lat' dir='ltr'><strong>cum</strong></span> <span class='ocrx_word' id='word_1_280' title='bbox 376 2375 521 2414; x_wconf 87' lang='lat' dir='ltr'><strong>sacerdotibus</strong></span> <span class='ocrx_word' id='word_1_281' title='bbox 538 2375 668 2414; x_wconf 86' lang='lat' dir='ltr'><strong>Judaeorum</strong></span> <span class='ocrx_word' id='word_1_282' title='bbox 687 2368 825 2427; x_wconf 78' lang='lat' dir='ltr'><strong>comparans,</strong></span> <span class='ocrx_word' id='word_1_283' title='bbox 844 2375 878 2413; x_wconf 90' lang='lat' dir='ltr'><strong>do-</strong></span> 
     </span>
     <span class='ocr_line' id='line_1_34' title="bbox 68 2438 880 2491; baseline 0 -14"><span class='ocrx_word' id='word_1_284' title='bbox 68 2445 113 2478; x_wconf 92' lang='lat' dir='ltr'><strong>cet:</strong></span> <span class='ocrx_word' id='word_1_285' title='bbox 133 2439 179 2480; x_wconf 73' lang='lat' dir='ltr'><strong>„his</strong></span> <span class='ocrx_word' id='word_1_286' title='bbox 197 2452 237 2478; x_wconf 90' lang='lat' dir='ltr'><strong>non</strong></span> <span class='ocrx_word' id='word_1_287' title='bbox 255 2440 334 2490; x_wconf 91' lang='lat' dir='ltr'><strong>lepram</strong></span> <span class='ocrx_word' id='word_1_288' title='bbox 351 2451 445 2491; x_wconf 77' lang='lat' dir='ltr'><strong>purgare</strong></span> <span class='ocrx_word' id='word_1_289' title='bbox 464 2438 547 2485; x_wconf 87' lang='lat' dir='ltr'><strong>datum,</strong></span> <span class='ocrx_word' id='word_1_290' title='bbox 569 2439 605 2477; x_wconf 93' lang='lat' dir='ltr'><strong>sed</strong></span> <span class='ocrx_word' id='word_1_291' title='bbox 620 2444 724 2491; x_wconf 79' lang='lat' dir='ltr'><strong>purgatos</strong></span> <span class='ocrx_word' id='word_1_292' title='bbox 736 2439 833 2489; x_wconf 88' lang='lat' dir='ltr'><strong>probare.</strong></span> <span class='ocrx_word' id='word_1_293' title='bbox 852 2439 880 2477; x_wconf 82' lang='lat' dir='ltr'><strong>At</strong></span> 
     </span>
     <span class='ocr_line' id='line_1_35' title="bbox 66 2501 878 2552; baseline 0.001 -15"><span class='ocrx_word' id='word_1_294' title='bbox 66 2512 117 2539; x_wconf 85' lang='lat' dir='ltr'><strong>vero</strong></span> <span class='ocrx_word' id='word_1_295' title='bbox 129 2502 209 2540; x_wconf 89' lang='lat' dir='ltr'><strong>nostris</strong></span> <span class='ocrx_word' id='word_1_296' title='bbox 227 2501 372 2541; x_wconf 88' lang='lat' dir='ltr'><strong>sacerdotibus</strong></span> <span class='ocrx_word' id='word_1_297' title='bbox 390 2513 430 2539; x_wconf 90' lang='lat' dir='ltr'><strong>nou</strong></span> <span class='ocrx_word' id='word_1_298' title='bbox 443 2501 537 2551; x_wconf 86' lang='lat' dir='ltr'><strong>corporis</strong></span> <span class='ocrx_word' id='word_1_299' title='bbox 548 2501 637 2552; x_wconf 87' lang='lat' dir='ltr'><strong>lepram,</strong></span> <span class='ocrx_word' id='word_1_300' title='bbox 652 2501 689 2539; x_wconf 90' lang='lat' dir='ltr'><strong>sed</strong></span> <span class='ocrx_word' id='word_1_301' title='bbox 701 2501 781 2539; x_wconf 86' lang='lat' dir='ltr'><strong>animae</strong></span> <span class='ocrx_word' id='word_1_302' title='bbox 796 2501 878 2546; x_wconf 88' lang='lat' dir='ltr'><strong>sordes,</strong></span> 
     </span>
     <span class='ocr_line' id='line_1_36' title="bbox 67 2560 878 2616; baseline 0.001 -18"><span class='ocrx_word' id='word_1_303' title='bbox 67 2573 107 2600; x_wconf 89' lang='lat' dir='ltr'><strong>non</strong></span> <span class='ocrx_word' id='word_1_304' title='bbox 119 2563 164 2603; x_wconf 92' lang='lat' dir='ltr'><strong>dico</strong></span> <span class='ocrx_word' id='word_1_305' title='bbox 175 2570 279 2616; x_wconf 80' lang='lat' dir='ltr'><strong>purgatos</strong></span> <span class='ocrx_word' id='word_1_306' title='bbox 290 2563 389 2614; x_wconf 90' lang='lat' dir='ltr'><strong>probare,</strong></span> <span class='ocrx_word' id='word_1_307' title='bbox 401 2563 438 2602; x_wconf 93' lang='lat' dir='ltr'><strong>sed</strong></span> <span class='ocrx_word' id='word_1_308' title='bbox 448 2575 543 2615; x_wconf 83' lang='lat' dir='ltr'><strong>purgare</strong></span> <span class='ocrx_word' id='word_1_309' title='bbox 556 2575 645 2613; x_wconf 92' lang='lat' dir='ltr'><strong>prorsus</strong></span> <span class='ocrx_word' id='word_1_310' title='bbox 658 2574 783 2602; x_wconf 87' lang='lat' dir='ltr'><strong>concessum</strong></span> <span class='ocrx_word' id='word_1_311' title='bbox 796 2562 840 2600; x_wconf 83' lang='lat' dir='ltr'><strong>est”</strong></span> <span class='ocrx_word' id='word_1_312' title='bbox 852 2560 878 2609; x_wconf 77' lang='lat'><strong>⁵).</strong></span> 
     </span>
     <span class='ocr_line' id='line_1_37' title="bbox 66 2621 878 2673; baseline 0.005 -16"><span class='ocrx_word' id='word_1_313' title='bbox 66 2621 124 2660; x_wconf 86' lang='lat' dir='ltr'><strong>Unde</strong></span> <span class='ocrx_word' id='word_1_314' title='bbox 137 2624 200 2664; x_wconf 78' lang='lat' dir='ltr'><strong>Cone.</strong></span> <span class='ocrx_word' id='word_1_315' title='bbox 214 2625 308 2664; x_wconf 81' lang='lat' dir='ltr'><strong>Trident.</strong></span> <span class='ocrx_word' id='word_1_316' title='bbox 321 2624 471 2663; x_wconf 89' lang='lat' dir='ltr'><strong>necessitatem</strong></span> <span class='ocrx_word' id='word_1_317' title='bbox 478 2624 633 2673; x_wconf 88' lang='lat' dir='ltr'><strong>jurisdictionis</strong></span> <span class='ocrx_word' id='word_1_318' title='bbox 644 2624 666 2662; x_wconf 90' lang='lat' dir='ltr'><strong>in</strong></span> <span class='ocrx_word' id='word_1_319' title='bbox 677 2623 785 2669; x_wconf 91' lang='lat' dir='ltr'><strong>ministro,</strong></span> <span class='ocrx_word' id='word_1_320' title='bbox 797 2630 818 2661; x_wconf 90' lang='lat' dir='ltr'><strong>et</strong></span> <span class='ocrx_word' id='word_1_321' title='bbox 830 2636 878 2662; x_wconf 89' lang='lat' dir='ltr'><strong>con·</strong></span> 
     </span>
     <span class='ocr_line' id='line_1_38' title="bbox 67 2679 700 2735; baseline 0.008 -19"><span class='ocrx_word' id='word_1_322' title='bbox 67 2679 166 2720; x_wconf 87' lang='lat' dir='ltr'><strong>fessionis</strong></span> <span class='ocrx_word' id='word_1_323' title='bbox 179 2698 204 2722; x_wconf 82' lang='lat' dir='ltr'><strong>ex</strong></span> <span class='ocrx_word' id='word_1_324' title='bbox 215 2693 275 2734; x_wconf 90' lang='lat' dir='ltr'><strong>parte</strong></span> <span class='ocrx_word' id='word_1_325' title='bbox 286 2685 413 2735; x_wconf 88' lang='lat' dir='ltr'><strong>poenitentis</strong></span> <span class='ocrx_word' id='word_1_326' title='bbox 426 2697 452 2722; x_wconf 81' lang='lat' dir='ltr'><strong>ex</strong></span> <span class='ocrx_word' id='word_1_327' title='bbox 462 2684 502 2723; x_wconf 91' lang='lat' dir='ltr'><strong>hoc</strong></span> <span class='ocrx_word' id='word_1_328' title='bbox 514 2685 570 2723; x_wconf 88' lang='lat' dir='ltr'><strong>fonte</strong></span> <span class='ocrx_word' id='word_1_329' title='bbox 583 2684 665 2723; x_wconf 89' lang='lat' dir='ltr'><strong>derivat</strong></span> <span class='ocrx_word' id='word_1_330' title='bbox 673 2682 700 2731; x_wconf 77' lang='grc'><strong>6).</strong></span> 
     </span>
    </p>
   </div>
   <div class='ocr_carea' id='block_1_5' title="bbox 67 2767 241 2781">
    <p class='ocr_par' dir='ltr' id='par_1_5' title="bbox 67 2767 241 2781">
     <span class='ocr_line' id='line_1_39' title="bbox 67 2767 241 2781; baseline 0 0"><span class='ocrx_word' id='word_1_331' title='bbox 67 2767 241 2781; x_wconf 75' lang='grc'><strong>··’··-·-----</strong></span> 
     </span>
    </p>
   </div>
   <div class='ocr_carea' id='block_1_6' title="bbox 91 2812 879 2955">
    <p class='ocr_par' dir='ltr' id='par_1_6' title="bbox 91 2812 879 2955">
     <span class='ocr_line' id='line_1_40' title="bbox 91 2812 879 2861; baseline 0.003 -17"><span class='ocrx_word' id='word_1_332' title='bbox 91 2812 107 2851; x_wconf 86' lang='lat'><strong>1)</strong></span> <span class='ocrx_word' id='word_1_333' title='bbox 122 2812 166 2844; x_wconf 85' lang='lat' dir='ltr'><strong>XX.</strong></span> <span class='ocrx_word' id='word_1_334' title='bbox 180 2815 210 2846; x_wconf 83' lang='lat'><strong>21.</strong></span> <span class='ocrx_word' id='word_1_335' title='bbox 227 2817 289 2849; x_wconf 81' lang='lat'><strong>—23.</strong></span> <span class='ocrx_word' id='word_1_336' title='bbox 302 2814 350 2860; x_wconf 81' lang='lat'><strong>-²)</strong></span> <span class='ocrx_word' id='word_1_337' title='bbox 359 2815 408 2850; x_wconf 87' lang='lat' dir='ltr'><strong>Vide</strong></span> <span class='ocrx_word' id='word_1_338' title='bbox 424 2815 492 2850; x_wconf 76' lang='lat' dir='ltr'><strong>Theol.</strong></span> <span class='ocrx_word' id='word_1_339' title='bbox 506 2815 550 2861; x_wconf 62' lang='lat' dir='ltr'><strong>dog·</strong></span> <span class='ocrx_word' id='word_1_340' title='bbox 562 2835 587 2841; x_wconf 91' lang='lat'><em>-</em></span> <span class='ocrx_word' id='word_1_341' title='bbox 603 2818 619 2858; x_wconf 83' lang='lat'><strong>³)</strong></span> <span class='ocrx_word' id='word_1_342' title='bbox 631 2816 668 2860; x_wconf 80' lang='lat' dir='ltr'><strong>Ep.</strong></span> <span class='ocrx_word' id='word_1_343' title='bbox 685 2818 702 2849; x_wconf 94' lang='lat'><strong>1.</strong></span> <span class='ocrx_word' id='word_1_344' title='bbox 721 2816 746 2849; x_wconf 87' lang='lat' dir='ltr'><strong>ad</strong></span> <span class='ocrx_word' id='word_1_345' title='bbox 759 2815 837 2858; x_wconf 77' lang='lat' dir='ltr'><strong>Symph.</strong></span> <span class='ocrx_word' id='word_1_346' title='bbox 854 2831 879 2837; x_wconf 78' lang='grc'>-</span> 
     </span>
     <span class='ocr_line' id='line_1_41' title="bbox 115 2859 877 2955; baseline 0 -62"><span class='ocrx_word' id='word_1_347' title='bbox 115 2859 270 2943; x_wconf 50' lang='lat' dir='ltr'><strong>iicHhidihzliom—</strong></span> <span class='ocrx_word' id='word_1_348' title='bbox 280 2861 296 2944; x_wconf 53' lang='grc' dir='ltr'>ἓ</span> <span class='ocrx_word' id='word_1_349' title='bbox 304 2863 357 2945; x_wconf 64' lang='lat' dir='ltr'><strong>Iiilbrc.</strong></span> <span class='ocrx_word' id='word_1_350' title='bbox 364 2867 384 2945; x_wconf 51' lang='lat'><strong>33</strong></span> <span class='ocrx_word' id='word_1_351' title='bbox 393 2864 416 2955; x_wconf 69' lang='lat' dir='ltr'><strong>dqc</strong></span> <span class='ocrx_word' id='word_1_352' title='bbox 425 2865 507 2946; x_wconf 44' lang='lat' dir='ltr'><strong>ffgcerd.</strong></span> <span class='ocrx_word' id='word_1_353' title='bbox 517 2884 541 2889; x_wconf 92' lang='lat'>—</span> <span class='ocrx_word' id='word_1_354' title='bbox 550 2867 566 2905; x_wconf 70' lang='grc' dir='ltr'><strong>ὃ)</strong></span> <span class='ocrx_word' id='word_1_355' title='bbox 576 2866 632 2899; x_wconf 84' lang='lat' dir='ltr'><strong>sess.</strong></span> <span class='ocrx_word' id='word_1_356' title='bbox 641 2865 694 2898; x_wconf 84' lang='lat' dir='ltr'>XIV.</span> <span class='ocrx_word' id='word_1_357' title='bbox 708 2873 749 2897; x_wconf 85' lang='lat' dir='ltr'><strong>cau.</strong></span> <span class='ocrx_word' id='word_1_358' title='bbox 757 2866 775 2896; x_wconf 83' lang='lat'><strong>5.</strong></span> <span class='ocrx_word' id='word_1_359' title='bbox 789 2865 806 2894; x_wconf 85' lang='lat'><strong>7.</strong></span> <span class='ocrx_word' id='word_1_360' title='bbox 813 2864 830 2894; x_wconf 86' lang='lat'><strong>9.</strong></span> <span class='ocrx_word' id='word_1_361' title='bbox 841 2861 877 2894; x_wconf 83' lang='lat' dir='ltr'><strong>Ga-</strong></span> 
     </span>
    </p>
   </div>
   <div class='ocr_carea' id='block_1_7' title="bbox 678 2957 729 3001">
    <p class='ocr_par' dir='ltr' id='par_1_7' title="bbox 678 2957 729 3001">
     <span class='ocr_line' id='line_1_42' title="bbox 678 2957 729 3001; baseline 0 0"><span class='ocrx_word' id='word_1_362' title='bbox 678 2957 729 3001; x_wconf 65' lang='lat'><strong>19*</strong></span> 
     </span>
    </p>
   </div>
   <div class='ocr_carea' id='block_1_8' title="bbox 0 0 1015 3193">
    <p class='ocr_par' dir='ltr' id='par_1_8' title="bbox 0 0 1015 3193">
     <span class='ocr_line' id='line_1_43' title="bbox 0 0 1015 3193; baseline 0 0"><span class='ocrx_word' id='word_1_363' title='bbox 0 0 1015 3193; x_wconf 95' lang='lat' dir='ltr'><strong> </strong></span> 
     </span>
    </p>
   </div>
  </div>
 </body>
</html>
