2056 3193
119 77 148 120 to

118 191 151 229 rei
161 190 281 240 injudicio,
297 192 329 228 vel
347 201 383 238 per
399 188 522 226 sententiam
534 189 612 236 judicis
621 203 626 232 ς
643 190 753 225 notorium
767 191 837 237 feroti,
853 189 871 226 si
886 201 921 226 res

119 259 181 303 gesta
192 259 223 291 tot
234 252 347 290 bominibus
359 249 456 294 innotuit,
468 249 522 287 utin
535 248 688 292 communitate,
702 249 798 299 collegio,
817 252 849 287 vel
861 261 921 299 paro-

120 312 167 351 chia
179 312 313 361 delinquentis
324 309 369 356 jam
381 310 437 347 nullo
453 310 512 347 modo
524 309 588 346 celari
603 309 689 357 possit).
709 308 775 352 Unde,
790 311 872 348 etiamsi
887 310 922 347 ali-

120 374 193 422 quibus
206 379 273 409 notum
293 369 333 413 sit,
352 376 373 407 et
385 370 467 407 etiamsi
479 369 591 406 secundum
610 380 633 404 se
645 368 752 415 probabile
765 369 793 404 sit
810 370 829 404 in
845 370 922 417 judicio

120 429 313 481 (praesumtionis),
326 429 372 466 dum
384 430 468 466 interim
480 440 519 465 nou
531 427 638 474 probatur,
659 439 724 475 neque
741 427 765 463 ad
775 427 875 473 judicium
890 431 923 467 de·

119 492 192 534 fertur,
205 494 237 525 est
248 487 315 527 adhue
328 487 477 536 occutt111n”¹).

192 551 234 587 Per
246 550 356 588 Vicarium
369 551 393 588 ad
405 551 424 588 id
437 549 556 599 specialiter
569 548 717 599 deputandum,
730 560 770 586 non
782 549 850 587 solum
862 550 925 590 Vica-

118 614 161 653 rius
173 613 289 666 generalis,
302 614 338 652 sed
351 613 417 665 quivis
429 611 602 663 poenitentiarius
614 612 747 664 intelligitur,
761 625 820 663 quem
839 614 925 664 Episco-

117 689 154 728 pus
173 675 228 727 hunc
246 678 266 715 in
284 678 344 714 finem
363 676 462 725 deputare
481 676 578 713 voluerit.
604 674 659 713 Hinc
679 682 802 727 emergente
821 676 858 713 tali
876 689 926 715 casu

117 739 269 777 recurrendum
282 738 349 776 estad
362 737 496 775 Ordinarium
507 737 554 775 loci.
568 736 620 784 Quia
632 743 700 774 tamen
709 736 814 785 ‹tetepubo
823 738 927 787 1111111111

116 800 247 850 requiritur,
259 811 296 849 per
311 811 334 836 se
351 805 418 849 patet,
433 799 491 836 illum
508 798 542 848 qui
557 797 657 836 facultate
674 797 795 835 absolvendi
812 811 824 835 a
842 798 926 837 casibus

116 861 216 912 Episcopi
231 860 348 899 reservatis
363 860 437 909 pollet,
452 860 542 898 nondum
559 872 570 897 a
587 859 682 898 censuris
697 859 794 898 Pontifici
810 860 926 897 reservatis

118 923 229 960 absolvere
241 933 309 971 posse.

196 981 297 1030 Quantum
310 982 334 1019 ad
347 993 405 1019 usum
413 980 473 1029 hujus
481 981 595 1025 facultatis,
608 980 727 1031 theologiae
735 981 833 1031 magistri
840 993 927 1030 sequen·

117 1043 147 1080 tia
158 1049 253 1081 monent:

195 1104 218 1148 a]
231 1101 283 1149 Quia
294 1102 314 1137 in
326 1101 359 1137 his
375 1101 517 1149 principaliter
529 1112 602 1149 11111111
617 1112 696 1137 summo
713 1100 813 1139 Pontifici
829 1112 927 1138 reserva-

118 1168 160 1207 tur,
171 1168 229 1201 recte
242 1160 339 1207 infertur,
352 1161 417 1206 illum,
431 1161 463 1211 qui
477 1172 598 1205 censuram,
617 1173 634 1198 e.
649 1174 670 1211 g.
684 1160 708 1199 ob
722 1160 815 1210 ejusdem
828 1160 928 1212 ignoran-

119 1224 168 1262 tiam
180 1235 219 1262 non
230 1222 329 1269 incurrit,
342 1223 366 1261 ab
378 1223 423 1273 ipso
434 1227 567 1273 peccato-per
579 1222 671 1274 quemvis
685 1222 837 1263 confessarium
850 1223 929 1263 absolvi

119 1299 188 1338 posse.

195 1350 219 1397 b]
227 1349 283 1387 Idem
291 1349 377 1394 obtinet,
387 1349 404 1386 si
413 1361 503 1387 censura
512 1348 736 1388 extraeonfessionem
745 1363 783 1399 per
792 1348 929 1398 Superiorem

119 1412 152 1449 vel
165 1411 210 1460 ejus
218 1411 337 1462 delegatum
349 1410 430 1448 sublata
438 1410 484 1455 fuit,
496 1410 617 1460 uhipariter
623 1414 738 1461 peccatam
747 1411 929 1450 adhucremanens

119 1485 158 1511 non
171 1473 258 1521 amplius
271 1478 405 1510 reservatum
418 1478 522 1510 censetur.
543 1471 594 1519 Quid
609 1484 670 1516 vero,
688 1474 706 1510 si
718 1473 826 1522 poenitens
839 1484 930 1510 censura

76 1524 78 1527 ¹
119 1534 228 1572 innodatus
244 1546 314 1571 eoram
337 1532 451 1581 Superiore
465 1532 574 1570 confitetur
592 1538 613 1569 et
630 1533 653 1569 ab
672 1545 695 1569 eo
710 1534 836 1576 absolvitur,
854 1533 883 1570 ita
898 1539 928 1569 ta-

120 1606 180 1638 men,
195 1600 218 1631 ut
235 1594 286 1632 haee
305 1593 410 1631 confessio
428 1593 558 1641 postmodum
580 1592 747 1641 deprehendatur
767 1594 888 1643 sacrilega?
900 1615 929 1620 *-

120 1656 225 1692 Auctores
238 1666 316 1704 graves
326 1654 462 1701 respondent:
474 1654 493 1689 si
505 1660 631 1701 eapeccata,
643 1654 716 1701 quibus
726 1666 828 1691 censurae
838 1653 929 1690 adnexae

121 1719 181 1756 sunt,
199 1713 288 1749 fideliter
301 1713 387 1749 fuerunt
402 1713 507 1760 exposita,
525 1713 618 1760 quamvis
638 1713 742 1749 confessio
758 1725 783 1749 ex
804 1712 843 1748 alio
862 1712 929 1759 capite

121 1772 185 1810 fuerit
203 1772 320 1824 sacrilega,
339 1784 441 1810 censuras
457 1779 525 1810 tamen
544 1772 672 1821 probabilius
691 1773 778 1811 auferri.
801 1772 863 1810 Ratio
883 1778 928 1817 est,

122 1834 171 1885 qnia
183 1846 285 1872 censurae
297 1835 381 1873 vincula
394 1834 505 1874 avinculis
516 1839 651 1885 peecatorum
664 1833 749 1874 diversa
762 1830 897 1880 constituunt,
910 1841 931 1873 et

123 1896 207 1943 exinde,
224 1897 281 1936 utin
301 1897 430 1936 absolutione
450 1904 510 1936 extra
529 1898 689 1944 sacramentali,
707 1899 801 1948 peccatis
814 1897 879 1936 adhuc
897 1910 929 1935 re-

122 1960 267 2006 manentibus,
284 1961 378 1998 relaxari
395 1967 491 2010 possunt,
509 1961 538 1998 ita
550 1973 641 2010 quoque,
659 1960 693 1998 ubi
706 1960 810 1998 confessio
823 1960 929 1998 1111111111-

122 2021 173 2067 lida;
185 2022 286 2072 simulque
298 2023 319 2059 in
330 2021 369 2060 hoc
384 2034 435 2060 casu
444 2023 496 2071 sinis
505 2024 629 2071 priorprior
646 2021 798 2060 reservationis
818 2021 930 2066 obtinetur,

123 2090 145 2121 ut
160 2083 243 2122 scilicet
259 2090 359 2133 peccator
381 2095 452 2121 coram
468 2082 582 2132 Superiore
598 2096 620 2120 se
637 2083 712 2127 sistat,
731 2095 755 2122 ae
767 2083 861 2132 deposita
880 2095 928 2122 con-

123 2144 213 2182 tumacia
225 2144 345 2182 satisfaciat
356 2145 427 2181 laesae
439 2144 500 2192 parti.
524 2145 621 2181 Attamen
633 2143 653 2181 id
665 2150 707 2181 tum
720 2144 786 2181 solum
804 2144 894 2188 obtinet,
913 2144 930 2181 si

125 2217 214 2242 censura
225 2206 259 2242 vel
269 2217 307 2254 per
319 2207 391 2254 ipsam
404 2202 548 2254 eriperem-em
559 2205 592 2240 vel
604 2217 641 2253 per
656 2204 757 2242 (1111111111
770 2204 932 2254 11111111111111111

125 2265 206 2302 sublata
218 2265 270 2309 fuit,
288 2265 336 2302 dum
348 2265 402 2302 enim
417 2271 510 2313 tempore
527 2263 627 2301 Judlloel
639 2265 776 2302 confessariis
792 2266 881 2302 facultas
898 2265 931 2300 da-

126 2330 159 2360 tur
172 2324 292 2362 absolvendi
304 2338 315 2362 a
328 2324 435 2368 censuris,
448 2323 500 2361 haec
508 2325 569 2371 juxta
583 2316 864 2362 declarationemBenedicti
875 2323 931 2361 XIV.

125 2389 203 2421 tautum
215 2385 394 2424 conditionalem
407 2385 478 2423 ordine
491 2384 515 2422 ad
527 2384 649 2423 lucrandum
661 2384 780 2423 Jubilaeum
800 2385 932 2426 ctlnceditur;

126 2453 276 2496 consequenter
289 2447 307 2485 si
319 2446 423 2487 confessio
433 2446 471 2485 fuit
483 2446 597 2499 sacrilega,
605 2459 670 2498 neque
680 2459 782 2486 censurae
790 2448 932 2486 remittuntur.

201 2511 223 2556 c]
236 2508 327 2549 Gravior
339 2517 372 2549 est
384 2511 490 2561 quaestio,
508 2522 533 2548 an
546 2510 631 2561 aliquis,
649 2511 745 2549 censuris
763 2511 852 2550 nondmn
864 2510 932 2548 subla-

126 2572 167 2616 tis,
187 2573 305 2620 apeccatis
321 2574 400 2611 absolvi
414 2572 496 2622 possit?
515 2571 719 2621 ——Quarnvishaee
734 2573 876 2611 sententiaeb
896 2572 932 2609 ali-

126 2632 200 2683 quibus
214 2632 343 2679 defendatur,
359 2635 477 2672 nullatenus
496 2641 564 2672 tamen
578 2634 663 2673 concedi
675 2642 749 2683 potest.
762 2635 845 2672 Etenim
859 2633 933 2670 surumi

125 2692 240 2732 Pontifices
252 2705 292 2730 una
306 2706 351 2731 cum
370 2707 460 2733 censura
474 2695 576 2733 indirecte
591 2696 659 2745 ipsum
675 2708 754 2745 quoque
776 2701 885 2744 peecatum
899 2707 932 2731 re-

126 2760 223 2799 servant,
240 2753 283 2799 ita,
299 2761 323 2791 ut
333 2756 400 2792 nullus
413 2756 557 2794 confessarius
576 2756 636 2793 abeo
650 2756 759 2793 absolvere
774 2755 851 2804 possit,
869 2754 932 2793 donec

122 2841 301 2852 -.-...-—·—--

150 2889 166 2927 1}
175 2886 197 2919 In
205 2885 258 2919 Man.
269 2894 286 2918 e.
296 2886 328 2918 27.
339 2884 362 2917 tle
372 2884 437 2918 delict.
445 2889 508 2918 notor.
517 2895 535 2918 n.
545 2887 587 2918 250.
