2017 3193
836 53 878 111 tie

95 180 216 214 committere
226 180 300 214 statuit.
311 180 332 215 Si
341 183 453 222 seeundum,
464 181 521 221 etiam
530 185 630 226 peccatum
641 180 750 216 admittitur
759 179 852 223 speciale,
863 179 879 213 si

94 231 137 274 quis
147 230 165 263 in
173 230 216 264 loco
227 240 284 264 sacro
297 234 408 277 sanguinem
421 235 454 264 aut
462 241 528 265 semen
539 232 631 275 effundat,
644 237 677 266 aut
685 233 769 271 furetur,
783 230 800 263 si
810 231 852 273 quis
862 230 880 263 111

94 280 124 314 die
134 281 186 314 festo
196 289 245 324 opus
255 281 326 315 servile
336 282 411 327 publice
421 281 485 315 faciat.
495 281 516 313 Si
521 283 605 322 tertium,
614 292 650 316 uon
657 282 784 316 committitur
794 279 879 324 speciale

94 333 195 373 peceatum
203 331 277 364 ratione
287 333 379 377 temporis
390 336 409 366 et
418 330 457 364 loci
467 330 525 370 sacri,
538 339 598 373 quare
610 341 645 364 nec
655 341 704 374 opus
714 336 755 373 est,
769 330 829 364 talem
842 329 879 363 oir-

94 380 229 412 cumstantiam
239 380 332 423 confiteri,
347 381 445 425 prioribus
458 379 570 412 autemillis
584 380 645 412 modis
658 389 699 413 eam
713 379 880 415 circumstantiam

95 428 182 461 confiteri
187 437 272 463 ,neeesse
283 435 319 464 est.
334 428 484 465 Circumstautia
492 432 594 471 peecatum
604 437 640 460 non
650 429 752 463 immutans
762 433 824 470 esset,
835 428 852 461 si
863 437 880 460 e·

94 487 112 520 g.
123 487 172 521 puer
185 479 299 513 mentiretur
311 480 328 514 in
341 480 432 520 ecelesia,
449 482 471 511 ut
482 487 563 522 poenam
578 475 680 521 effugeret,
693 478 725 510 vel
738 480 768 512 die
785 478 880 512 dominica

96 527 146 560 dorni
155 527 282 563 irasceretur.

175 624 207 679 lle
220 627 322 695 praeeatis
337 625 469 679 omissionis
483 629 505 677 et
518 624 617 677 innueris
632 626 680 676 sire
696 627 779 677 status.

148 736 165 790 ξ.
178 736 213 779 90.
231 739 331 788 Quoniam
348 741 382 776 lex
400 739 440 777 Dei
454 751 494 776 non
510 739 577 775 solum
595 736 690 787 prohibet
707 737 790 781 malum,
809 737 846 773 sed
861 743 881 773 et

70 799 146 837 bonum
156 799 255 846 inculcat,
268 807 289 838 et
299 807 420 849 praecepta,
433 800 506 850 quibus
514 800 591 836 malum
602 797 732 848 prohibetur,
743 810 781 847 pro
794 797 834 834 fine
845 795 881 834 ha·

71 861 120 897 beni
130 861 206 898 honuni
217 861 248 897 illi
260 862 387 910 oppositum,
404 868 424 898 et
436 861 532 909 quoniam
548 873 559 897 a
571 859 706 901 sanctissimo
722 858 834 896 Salvatore
846 858 882 894 bo-

71 933 144 973 norum
156 934 242 970 operunr
254 922 336 958 fructus
349 922 406 958 ferre
414 921 525 969 jubemur,
538 920 683 958 confessarius
695 919 758 956 etiam
769 919 794 956 de
806 919 883 955 officiis

70 981 174 1030 positivis,
187 987 223 1017 aut
234 981 366 1017 affirmativis
385 993 471 1017 examen
484 992 544 1017 suum
555 981 660 1024 instituet,
678 991 738 1028 quam
754 979 843 1027 primum
859 991 883 1015 ea

71 1054 83 1077 a
94 1041 212 1089 poenitente
224 1053 264 1076 non
277 1041 374 1088 explicite
386 1041 466 1089 respici
477 1040 655 1077 animadverterit.
667 1039 750 1076 Etenim
761 1039 810 1075 boni
822 1038 882 1075 (thri-

72 1100 135 1138 stiani
147 1112 186 1137 non
198 1100 244 1137 ideo
257 1112 336 1145 sumus,
349 1100 397 1151 quia
409 1114 420 1138 a
436 1101 490 1138 malo
503 1101 643 1145 abstinemus;
662 1100 714 1137 satis
727 1105 767 1144 est,
786 1099 883 1136 omittere

71 1162 153 1205 honuni,
166 1161 215 1198 utin
223 1161 263 1198 Dei
271 1161 351 1210 judicio
360 1161 486 1200 danmenrur,
498 1162 575 1206 Arbor,
588 1173 639 1211 quae
651 1173 692 1198 non
700 1160 741 1198 fert
752 1160 835 1198 fructus
847 1159 883 1197 ho·

72 1234 118 1267 nos,
130 1222 265 1260 exscindetur
278 1229 298 1260 et
309 1223 404 1261 mittetur
415 1224 436 1261 in
447 1224 524 1274 ignem.
538 1223 692 1261 Gravissiniam
703 1233 744 1259 non
756 1234 805 1259 raro
818 1227 883 1259 mate·

71 1282 125 1321 riam
137 1283 267 1322 constituunt
282 1291 370 1335 peccata
382 1287 519 1335 oiittssionis,
537 1283 674 1335 praesertim,
691 1283 727 1322 uhi
744 1282 795 1322 talia
814 1282 884 1321 officia

72 1345 216 1398 negliguntur,
228 1346 302 1397 quibus
314 1360 340 1386 ex
351 1360 442 1386 intinere
454 1354 475 1386 et
484 1350 599 1386 vocatione
607 1346 766 1399 obstringimur.
778 1346 883 1396 Pleraque

73 1408 126 1446 eninr
143 1410 207 1454 mala,
226 1421 277 1459 quae
296 1410 403 1456 accidunt,
425 1410 472 1448 inde
489 1410 663 1461 proficiscuntur,
681 1409 734 1460 quod
751 1408 883 1460 poenitentes

74 1471 197 1508 conditionis
210 1483 260 1509 suae
271 1472 371 1524 ignorent
382 1472 462 1517 officia,
477 1472 511 1509 vel
523 1473 554 1509 sin
567 1472 646 1517 minus,
663 1472 738 1509 saltem
751 1471 776 1509 ad
787 1470 823 1508 illa
840 1469 883 1508 ani-

74 1544 128 1569 mum
140 1545 180 1569 non
193 1533 310 1571 advertant.
329 1534 383 1572 Sunt
394 1534 475 1584 quidem
493 1546 519 1570 ex
532 1534 569 1579 iis,
587 1533 621 1583 qui
634 1533 658 1571 ad
670 1545 754 1571 sacrum
772 1532 883 1570 Poeniten·

73 1593 114 1630 tiae
126 1593 217 1632 tribunal
229 1595 360 1645 confugiunt,
372 1601 427 1640 sunt,
439 1595 529 1645 inquam,
542 1594 576 1645 qui
588 1593 726 1632 ronfessariis
739 1600 759 1631 et
771 1600 839 1631 status
852 1592 884 1629 sui

74 1654 220 1705 obligationes,
239 1661 260 1692 et
271 1668 377 1707 quousque
389 1656 430 1694 illis
443 1656 555 1701 defuerint,
571 1656 631 1705 plene
644 1662 665 1693 ct
676 1656 760 1693 sincere
773 1660 884 1704 exponant,

74 1716 111 1753 sed
127 1715 179 1765 proli
195 1718 267 1754 Deus!
290 1718 347 1767 quoti
365 1730 448 1762 eorum,
468 1718 530 1755 etiam
550 1718 585 1767 qui
602 1717 723 1767 potissimas
739 1717 760 1753 in
776 1715 884 1765 republica

75 1777 254 1821 eeclesiasticaiet
266 1778 322 1816 civili
333 1785 404 1828 partes
417 1786 493 1829 agunt,
513 1780 575 1816 altum
594 1785 615 1815 et
627 1778 710 1816 exitiale
721 1778 799 1815 habent
817 1791 841 1815 ea
860 1777 884 1814 de

74 1850 98 1875 re
110 1839 229 1876 silentium?
242 1838 305 1887 Quoti
316 1840 420 1885 nesciunt,
433 1847 468 1878 aut
479 1840 562 1878 nescire
576 1840 682 1884 videntur,
702 1851 738 1876 eos
750 1851 802 1877 unos
818 1839 843 1876 ad
855 1838 884 1874 vi-

75 1905 116 1937 tam
127 1899 220 1950 ingredi,
239 1900 274 1950 qui
284 1913 325 1938 11011
336 1901 389 1939 lianc
403 1907 438 1939 aut
448 1901 515 1946 illam,
534 1901 570 1938 sed
582 1913 663 1938 omnem
679 1913 767 1951 prorsus
779 1899 885 1948 justitiam

74 1961 172 2011 implent?
189 1960 249 2009 Quoti
265 1963 296 2000 sic
309 1964 403 2000 leontinis
421 1969 456 2000 aut
472 1963 534 2001 etiam
551 1964 667 2000 christiani
682 1969 770 2012 peccata
785 1962 885 1999 confiten-

74 2028 115 2066 tur,
134 2028 164 2066 ut,
180 2022 221 2060 nisi
233 2023 304 2060 sedulo
316 2024 488 2075 interrogentur,
506 2024 542 2061 vix
558 2036 648 2073 unquam
665 2030 800 2073 peccatorum
812 2025 886 2060 status

74 2085 110 2120 sui
128 2083 276 2120 meminerint?
294 2084 339 2121 Non
358 2086 424 2122 solum
442 2085 536 2122 homines
554 2085 617 2121 rudes
635 2091 656 2121 et
673 2084 758 2133 plebeji,
778 2084 815 2121 sed
827 2082 886 2120 multi

75 2155 154 2192 quoquc
167 2156 192 2180 ex
205 2144 328 2181 cultioribus
347 2146 372 2182 de
384 2146 451 2183 salute
464 2158 502 2183 sua
520 2146 561 2182 sibi
573 2146 626 2182 satis
644 2145 715 2183 securi
726 2145 834 2188 videntur,
852 2143 886 2180 uhi

76 2204 204 2241 conscientia
216 2204 239 2240 de
252 2211 339 2253 peccato
352 2206 446 2256 graviori
459 2206 613 2243 commissionis
624 2207 672 2243 illos
680 2218 724 2257 unon
736 2205 854 2255 redarguit,
866 2209 887 2239 et

76 2270 143 2301 tamen
155 2263 176 2301 lii
187 2264 227 2314 ipsi
239 2265 308 2303 officia
320 2266 395 2302 summi
406 2266 504 2303 momenti
516 2279 579 2316 saepe
592 2267 710 2317 negligunt.
723 2267 745 2302 lu
758 2265 833 2302 officiis
845 2263 886 2314 igi·

76 2331 110 2362 tur
122 2325 249 2362 confessarii
260 2331 304 2369 est,
321 2326 461 2374 poenitenteur
472 2326 511 2364 hac
531 2327 555 2363 de
572 2339 597 2363 re
613 2327 744 2370 exaiuinare,
762 2326 832 2374 prouti
846 2324 887 2373 ipsi

75 2385 143 2422 visum
155 2385 225 2428 fuerit,
237 2385 332 2435 inprimis
350 2386 385 2423 ubi
397 2399 419 2423 se
432 2386 510 2423 sistunt
526 2386 665 2435 poenitentes,
684 2386 718 2435 qui
736 2398 748 2422 a
765 2387 828 2436 longo
843 2385 886 2433 jani

76 2450 169 2494 tempore
182 2445 275 2482 confessi
286 2457 326 2482 non
339 2452 394 2491 sunt,
407 2453 427 2483 et
439 2446 571 2483 nihilominus
584 2458 656 2494 parum
667 2445 785 2494 proferunt,
805 2446 829 2482 de
848 2456 887 2493 quo

77 2516 100 2541 se
112 2512 218 2544 accusent.
242 2506 354 2557 Interroga
366 2506 540 2556 patremfamilias
552 2507 576 2545 de
596 2506 730 2551 educatione,
748 2506 887 2550 institutione,

77 2562 209 2607 correctione
220 2568 322 2618 prolium,
342 2574 362 2606 et
374 2568 399 2606 de
411 2569 513 2618 exemplo,
532 2581 571 2619 quo
585 2568 676 2608 familiae
689 2580 739 2607 suae
752 2568 777 2606 ad
788 2568 888 2606 virtutem

78 2620 204 2673 praecurrit.
220 2630 333 2681 Interroga
344 2630 412 2667 virum
424 2630 444 2667 in
457 2630 570 2682 dignitate,
586 2630 606 2667 in
619 2630 688 2668 officio
700 2630 782 2681 publico
798 2630 888 2680 positum

78 2686 102 2723 de
113 2688 152 2735 iis,
171 2692 260 2742 adquae
278 2691 298 2729 vi
314 2693 407 2730 muneris
420 2693 539 2744 obligatur,
557 2714 587 2719 —-
605 2700 638 2731 ast
654 2695 744 2731 servitio
760 2692 887 2744 prodentia.

77 2748 224 2798 atterimur,
237 2755 271 2805 qui
282 2744 516 2805 irreprehensibilisisit
527 2755 547 2792 in
561 2755 679 2794 actionibus
695 2755 785 2793 hominis
803 2753 887 2805 privati,

78 2810 106 2848 sit
115 2823 153 2861 per
165 2816 290 2855 omissiones
308 2824 343 2856 aut
354 2817 505 2870 negligentiam
517 2817 537 2854 in
549 2818 614 2856 rebus
626 2817 691 2857 officii
709 2817 742 2855 sui
753 2815 887 2867 reprehensi·
931 2810 934 2816 “

76 2872 131 2911 bilis.
149 2873 205 2912 Nihil
220 2885 267 2917 crat
287 2879 308 2917 in
325 2891 418 2930 persona
432 2878 508 2918 summi
525 2879 645 2920 sacerdotis
663 2879 722 2924 lleli,
740 2879 793 2930 quod
812 2876 887 2915 merito

728 2936 742 2978 9
