2017 3193
873 101 903 143 95

89 225 192 270 peccato,
208 219 289 270 gratias
301 218 369 267 potius
381 223 432 271 agat
447 218 503 261 Deo,
519 217 553 266 qui
567 231 604 267 pro
622 218 703 256 infinita
719 228 757 254 sua
773 215 866 253 bonitate
883 221 903 251 31

95 280 239 319 misericordia
260 280 289 316 ita
309 292 353 318 rem
373 278 489 329 disposuit,
517 284 538 314 ut
559 279 583 315 ad
604 280 731 330 agnitionem
753 276 835 328 peceati
857 288 903 313 eum

94 343 226 392 perduceret.

242 459 319 512 11131133
337 458 448 513 servandi
461 456 563 525 sigillum
583 458 755 532 sacramentale.

173 582 191 636 ᾗ.
204 580 239 622 64.
251 585 281 622 Ne
294 586 386 637 sigillum
398 582 552 620 sacramentale
565 582 644 620 directe
652 582 794 620 velindirecte
805 585 903 628 violetur,

96 652 119 683 ut
136 652 217 683 taceam
234 658 309 694 preces
331 646 356 683 ad
374 646 442 681 Deum
460 654 498 691 pro
514 644 584 693 gratia
603 644 628 680 ad
646 649 734 679 mortem
750 655 815 691 usque
831 645 904 681 silendi

96 706 217 752 fundendas,
233 712 253 743 et
268 706 411 744 firmissimum
426 704 556 753 propositum
575 704 659 753 saepius
676 704 778 748 elicitum,
798 704 903 742 confessa-

96 768 141 806 rius
152 773 265 817 sequentes
278 768 377 804 observet
387 766 484 816 regulas:

174 825 198 876 1)
211 828 262 866 Sine
276 840 340 866 causa
353 827 480 878 gravissima
491 838 558 876 neque
573 826 594 863 in
613 838 704 878 genere,
720 838 786 875 neque
801 827 820 863 in
836 827 905 875 specie

97 892 193 941 loquatur
205 890 229 926 de
241 890 312 932 rebus,
329 900 380 938 quas
393 888 520 925 solummodo
537 900 562 923 ex
578 888 711 925 confessione
727 888 824 937 cognitas
836 887 906 931 habet,

96 950 179 989 etiamsi
197 950 275 986 nullum
294 949 362 986 subsit
381 948 497 998 periculum
516 948 582 998 sigilli
599 948 699 992 violandi:
723 948 753 985 sic
777 948 830 985 enim
849 953 906 985 tanto

96 1012 180 1050 facilius
195 1010 277 1048 cavebit
294 1021 414 1054 sermones,
434 1009 507 1058 quibus
521 1021 572 1046 vera
588 1015 609 1045 et
624 1009 719 1045 formalis
741 1009 825 1045 violatio
842 1007 908 1060 sigilli

97 1072 270 1110 committeretur.

173 1128 200 1177 2)
211 1131 477 1181 Ν1111113331111333111331113
486 1130 627 1179 simplicitate,
639 1131 768 1181 ignorantia,
781 1130 908 1174 rusticitate,

98 1192 209 1242 scrupulis,
222 1192 306 1243 linguae
319 1193 426 1229 erroribus
439 1198 479 1229 313.
489 1191 631 1229 confitentium
639 1191 709 1239 jocari
721 1198 741 1228 et
752 1191 835 1234 ludere,
847 1203 907 1239 prae·

98 1254 192 1291 sentibus
203 1253 315 1302 praecipue
326 1252 445 1290 rudioribus
457 1258 477 1289 et
488 1252 556 1289 minus
568 1252 629 1290 cultis
641 1252 708 1290 131313,

175 1310 201 1360 3]
213 1314 325 1350 Abstineat
335 1314 356 1350 in
368 1314 470 1351 societate
485 1313 567 1350 referre
586 1313 686 1351 ridiculas
702 1313 802 1350 historias
819 1313 843 1350 de
860 1326 908 1351 con-

98 1375 195 1413 fessariis
208 1380 229 1411 et
243 1374 404 1423 poenitentibus,
421 1374 503 1411 etiamsi
519 1374 562 1411 sint
574 1374 646 1419 fictae,
665 1375 697 1411 vel
709 1374 752 1421 jam
769 1374 821 1411 satis
837 1375 907 1411 tritae.

98 1437 150 1474 Nam
161 1436 212 1473 licet
224 1436 316 1486 sigillum
328 1435 429 1484 ejusmodi
441 1435 604 1473 narratiunculis
616 1448 656 1472 non
668 1436 766 1479 violetur,
778 1435 906 1472 infirmiores

99 1503 175 1540 tamen,
187 1497 260 1545 quibus
272 1497 365 1533 essentia
377 1496 444 1546 sigilli
456 1496 595 1533 confessionis
609 1503 642 1533 est
653 1496 772 1546 incognita,
789 1496 908 1533 scandalum

98 1562 230 1607 paterentur,
243 1557 363 1606 opinarique
375 1563 468 1606 possent,
482 1557 620 1594 eonfessariis
632 1557 710 1594 silentii
723 1556 812 1594 officium
829 1556 910 1594 nonita

100 1630 183 1656 sacrum
195 1618 269 1663 videri,
282 1618 373 1667 adeoque
386 1619 488 1656 neminem
501 1624 581 1656 certum
600 1631 659 1662 esse,
679 1632 703 1656 311
719 1630 759 1655 non
775 1618 854 1655 similes
865 1618 910 1666 joci

101 1680 157 1717 etde
169 1679 235 1728 ipsius
246 1679 304 1715 vitiis
316 1679 458 1728 proferantur,
471 1685 492 1715 et
503 1680 557 1716 bona
569 1679 625 1717 fama
635 1680 656 1716 in
668 1679 783 1727 periculum
796 1679 909 1717 adducatur

101 1746 141 1778 etc.
155 1741 192 1779 Sic
204 1741 283 1778 animus
295 1743 402 1790 promptus
411 1740 696 1779 SacramentiPoenitentiae
709 1741 835 1791 suscipiendi
847 1741 909 1790 perit,

102 1803 192 1852 suspicio
204 1803 225 1840 in
238 1814 309 1840 omnes
322 1802 464 1840 confessarios
480 1803 552 1848 alitur,
569 1810 589 1841 at
607 1803 744 1853 inposterum
761 1804 873 1841 verecundi
891 1809 911 1839 ot

101 1864 167 1901 timidi
184 1864 243 1912 plura
258 1870 344 1912 peccata
363 1864 466 1909 omittunt,
481 1876 532 1912 quae
545 1865 596 1901 alias
612 1864 705 1902 confessi
716 1864 816 1908 fuissent,
833 1871 910 1901 actum-

103 1936 141 1975 que
153 1916 192 1962 333
204 1925 248 1974 jam
264 1924 351 1974 amplius
366 1923 443 1962 habent
458 1932 553 1963 sanetum
569 1932 590 1963 et
606 1925 759 1969 necessarium,
777 1925 801 1962 de
817 1937 855 1975 quo
871 1925 911 1974 ipsi

103 1987 225 2024 sacerdotes
237 1986 304 2035 jocari
315 1998 355 2023 non
366 1994 474 2024 verentur.

103 2070 143 2105 Sed
152 2069 213 2114 quid?
223 2070 240 2103 si
250 2070 384 2104 confessarius
394 2071 516 2105 13333131313
527 2074 564 2113 331,
574 2070 606 2104 ubi
617 2071 647 2104 alii
658 2071 681 2105 de
692 2069 848 2105 confessionibus
858 2074 912 2114 petu-

127 2120 189 2153 lantes
199 2120 301 2164 proferunt
307 2120 371 2161 jocos,
386 2124 406 2153 et
419 2122 508 2154 curiosas
522 2125 632 2165 proponunt
645 2121 776 2164 quaestiones,
791 2122 813 2154 ad
824 2129 912 2163 11113313-

128 2169 224 2213 spondere
237 2167 317 2213 nequit?
331 2170 398 2212 „Tunc
412 2169 507 2211 ejusmodi
521 2171 645 2212 quaestiones
660 2173 680 2203 et
689 2170 748 2212 jocos
766 2169 797 2204 vel
811 2169 913 2213 indignanti

127 2219 211 2261 silentio,
221 2219 252 2252 vel
261 2218 317 2261 gravi
327 2218 408 2262 quadam
419 2220 515 2252 sententia
523 2219 609 2261 rejiciate
619 2222 641 2260 1).

228 2327 291 2382 Usus
312 2327 450 2399 cognitionis
471 2344 498 2381 31
518 2328 664 2381 confessione
683 2330 789 2383 11333133.

181 2453 199 2508 §.
213 2451 442 2505 (15.11111113113113131,
455 2456 607 2494 confessarium
622 2455 656 2501 iis,
675 2468 726 2506 quae
739 2469 766 2494 ex
781 2457 914 2495 confessione

100 2523 140 2555 ¹aut
151 2518 262 2556 occasione
274 2517 414 2556 confessionis
425 2517 467 2568 ipsi
477 2517 619 2564 innotuerunt,
638 2518 688 2567 apud
701 2518 754 2556 alios
766 2518 860 2557 homines
879 2532 914 2557 ne·

105 2591 206 2629 quaquam
219 2579 250 2616 uti
263 2591 337 2629 posse,
358 2577 442 2617 'seclusa
458 2580 520 2617 etiam
535 2580 664 2617 revelatione
680 2579 761 2618 directa
777 2587 798 2618 et
811 2581 914 2619 indirecta

106 2640 259 2686 confessionis,
278 2641 359 2691 quoties
373 2653 424 2678 usus
438 2641 473 2678 ille
487 2642 521 2678 vel
536 2641 557 2679 in
572 2653 687 2692 gravamen
701 2643 835 2691 poenitentis,
848 2644 881 2680 vel
893 2643 913 2679 in

106 2700 174 2753 odium
186 2703 284 2740 conversi
299 2703 398 2744 eederet..
408 2702 505 2741 Assertio
520 2702 572 2741 haec
587 2703 719 2741 fundamento
734 2704 808 2742 nititur
824 2717 859 2750 eo,
875 2717 913 2754 qno

106 2771 170 2809 supra
187 2765 329 2813 probavimus,
347 2764 495 2816 obligationem
513 2765 579 2816 sigilli
597 2774 646 2803 esse'
664 2765 688 2803 de
702 2765 751 2814 jure
770 2766 849 2811 divino,
868 2765 914 2815 quia

106 2867 302 2877 --·——.—.

132 2917 147 2956 1)
158 2914 197 2949 cfr.
207 2917 292 2953 Schenkl
299 2921 393 2965 Theolog.
400 2921 495 2965 pastoral.
