2017 3193
867 143 909 186 153

104 264 222 308 oll'enditur,
235 269 256 300 et
265 263 287 300 S.
301 263 411 313 Scriptura
424 262 462 299 ait:
476 262 529 309 „Qui
541 263 621 299 minora
633 276 672 300 non
685 261 740 312 fugit
753 265 850 309 peecata,
864 270 910 294 mox

103 326 123 362 in
136 325 236 375 graviora
253 324 354 362 labetur.'⁷
369 325 420 362 [lein
434 335 510 372 inagna
528 330 563 359 tna
575 323 647 370 eupido
662 322 745 360 ludendi
757 321 817 357 valde
836 332 909 369 peeea·

103 386 183 422 minosa
195 392 237 429 est,
250 391 270 421 et
282 386 342 422 animi
355 384 418 423 saluti
430 382 519 420 maxime
531 382 610 419 noeiva.
622 384 678 421 ane
690 383 734 431 ipse
748 381 836 424 fateris,
850 386 868 416 te
880 380 910 416 lu-

104 446 169 484 dendo
183 446 306 483 maledicere
319 455 339 484 et
351 447 465 495 objnrgare
478 449 499 480 et
510 443 620 480 exsecrari
632 444 714 487 solere,
732 445 769 482 boe
788 444 833 492 ipso
851 442 910 478 Deus

104 507 223 551 offenditur,
235 513 255 543 et
267 508 317 545 sooii
330 509 405 556 aliique
418 505 526 542 audientes
538 503 715 540 scandalizantur.
730 505 817 541 Domum
831 503 866 540 nbi
877 514 910 538 re-

104 567 177 616 dieris,
191 580 276 604 imorem
288 570 412 617 prolesque,
431 577 483 614 quae
502 564 530 601 nil
542 563 590 600 mali
606 563 643 600 tibi
661 564 911 613 fecerunt„innoeentes

103 628 204 676 percutis.
216 630 280 665 Estne
296 629 334 666 boo
354 627 435 663 bomine
454 624 574 662 omistiano
589 625 688 675 dignum?
706 624 791 660 Minime
810 624 909 674 gentium.

104 689 175 725 Nonne
187 689 225 738 piis
239 689 362 739 conjugibus
376 698 415 723 una
430 698 487 722 mens
507 697 609 734 uummpre
627 698 663 722 eor
682 696 729 721 osse
750 684 826 721 debet?
845 697 910 721 nonne

104 755 183 797 patrem
196 756 278 799 oportet
288 748 348 785 bonis
361 747 461 795 exemplis
480 748 603 796 praelueere
623 745 729 783 subditis?
748 745 823 782 licetne
843 756 911 792 quem·

104 810 157 858 piam
179 811 309 848 innocentem
333 809 420 857 punire‘l
444 808 479 844 lra
497 808 583 855 odioque
601 808 674 856 plenus
693 806 825 842 nihilomiuus
844 811 911 841 tamen

104 871 167 907 audes
180 883 252 908 orare:
266 869 366 907 „lumine
380 869 437 905 uobis
450 868 519 905 debita
531 874 610 912 nostra,
623 867 679 905 sieut
690 872 711 903 et
723 879 760 903 nos
769 866 911 903 ‹limittinms'⁷

105 930 182 979 Quodsi
194 930 296 968 fratribus
308 930 384 967 iratum
397 935 417 965 te
430 941 486 965 mors
498 935 620 977 oocuparet,
639 935 660 965 et
671 927 769 965 tribunali
783 927 863 964 divinae
879 927 912 974 ju·

104 993 174 1029 stitiae
192 992 293 1034 sisteret,
318 990 417 1039 (promodo
438 989 603 1027 miserieordiam
622 989 742 1026 obtineres?
764 991 820 1026 Eece
839 987 913 1024 horum

105 1053 193 1090 omnium
207 1052 307 1089 malornm
320 1051 401 1089 nonnisi
413 1051 495 1088 ludendi
514 1051 616 1100 cupiditas
629 1057 695 1088 mater
707 1056 740 1087 est
756 1050 834 1087 infelix.
855 1048 912 1097 Quae

106 1115 158 1150 mala
170 1113 297 1150 consuetudo
310 1114 397 1162 peeunia
409 1119 444 1149 tna
456 1118 475 1149 te
488 1113 576 1160 spoliat,
594 1119 615 1149 et
626 1112 658 1149 rei
670 1119 717 1149 triae
734 1112 830 1147 familiari
850 1112 914 1147 multa

105 1173 230 1211 detrimenta
241 1173 322 1218 adfert;
335 1184 427 1211 amorem
440 1173 511 1210 uxoris
524 1179 544 1210 et
552 1173 666 1210 liberorum
675 1172 757 1216 mirmit;
770 1171 913 1209 benedictione

106 1235 174 1272 diviua
185 1235 292 1286 indignum
306 1241 324 1271 te
336 1234 404 1272 reddit
417 1241 501 1271 terrena
515 1241 536 1271 et
548 1235 635 1272 eoelesti
643 1249 648 1279 ;
668 1233 768 1283 utromodo
780 1234 839 1270 Deus
852 1233 913 1269 bene-

106 1296 161 1333 dioat
172 1296 204 1332 rei
216 1302 263 1333 tuae
276 1295 380 1340 familiari,
394 1307 440 1333 oum
451 1295 603 1333 benedictionis
615 1295 697 1333 fruetus
710 1294 798 1331 ludendo
811 1294 912 1342 dissipes?

105 1357 193 1400 Poeuit.
205 1357 266 1395 Modo
278 1357 381 1409 intelligo,
394 1356 442 1394 mihi
455 1370 466 1394 a
478 1357 565 1395 ludendo
583 1370 630 1394 esse
643 1356 798 1400 abstinendum,
815 1356 856 1393 imo
868 1356 913 1405 ipse

102 1419 146 1468 jam
157 1419 212 1456 lusui
222 1419 377 1464 valedixissem,
394 1419 435 1455 nisi
452 1430 500 1468 spes
519 1418 567 1455 milri
583 1419 698 1456 affulsisset
713 1418 840 1467 deperditam
851 1429 914 1467 peou·

107 1481 160 1518 niam
171 1481 248 1518 iterum
259 1480 404 1530 recuperandi.
420 1478 485 1530 Uonf.
497 1481 581 1518 Dileete
592 1481 633 1518 rui!
650 1487 685 1518 aut
695 1480 784 1529 pecunia
795 1480 914 1529 relinquen-

106 1543 131 1579 da
143 1549 178 1579 aut
188 1543 229 1579 Dei
241 1542 339 1580 amicitia.
352 1543 417 1580 Jesus
430 1542 528 1579 Christus
541 1542 603 1579 dicit:
621 1541 688 1590 „Quid
699 1541 798 1590 prodest,
817 1541 834 1578 si
853 1540 914 1577 honio

105 1604 201 1641 ruundmn
214 1603 334 1641 universum
345 1605 447 1649 lucretia,
459 1609 480 1641 et
492 1604 572 1641 atrimae
585 1616 635 1641 suae
647 1603 793 1641 detrimentum
802 1602 913 1652 patiatur.”

105 1666 184 1710 Amioe,
197 1678 264 1702 nonne
276 1665 337 1703 faeile
349 1665 396 1703 fieri
407 1671 483 1714 potest,
495 1672 525 1711 ut,
537 1671 557 1702 te
568 1666 640 1703 ludere
653 1671 756 1716 pergente
766 1671 844 1702 tantum
853 1664 914 1709 absit,

107 1733 128 1764 ut
139 1727 241 1776 perditam
252 1728 361 1775 pecuniam
373 1739 495 1776 reeuperes,
512 1728 590 1775 utplus
610 1727 675 1765 adhue
691 1726 806 1775 deperdas?
821 1726 915 1763 Pecunia

106 1788 193 1825 ludendo
205 1787 283 1825 amissa
294 1788 322 1825 sit
333 1789 370 1826 tibi
381 1800 448 1838 poena
463 1800 474 1825 a
490 1789 536 1826 'Deo
548 1787 641 1836 injuncta
651 1801 689 1837 pro
701 1787 815 1824 insatiabili
832 1787 915 1824 ludendi

106 1849 201 1898 pruritu;
214 1849 312 1898 promitte
322 1850 378 1895 Deo,
396 1850 450 1886 velle
463 1856 482 1886 te
495 1862 534 1887 non
553 1850 641 1898 amplius
660 1849 745 1894 ludere,
765 1855 786 1886 et
798 1862 835 1886 ora
852 1848 914 1886 rehe-

105 1917 194 1956 menter,
206 1916 228 1947 ut
240 1910 278 1947 tibi
289 1911 323 1948 det
335 1910 433 1962 gratiam,
446 1910 569 1960 quodmodo
581 1911 613 1948 vis
626 1917 647 1948 et
658 1910 771 1961 promittis,
791 1917 839 1948 aetu
851 1909 914 1947 adim-

105 1972 180 2021 plendi.
193 1972 250 2016 Vita,
263 1978 439 2023 quantumpotes,
453 1972 522 2011 soeios
542 1973 607 2018 lusus,
626 1973 681 2010 omni
698 1972 720 2009 vi
738 1972 797 2009 aufer
816 1978 835 2009 te
847 1972 915 2021 ipsum

105 2033 188 2071 illorum
201 2034 314 2078 consortio,
332 2046 398 2084 neque
414 2034 530 2084 obsequere
548 2046 636 2084 uuquam
651 2034 734 2072 illorum
749 2033 915 2079 invitationibus

106 2095 177 2133 dicens
190 2095 230 2132 eis:
241 2095 290 2132 dam
302 2102 335 2133 sat
346 2096 434 2134 ludendo
447 2096 547 2145 paenulae
559 2096 651 2145 perdidi;
669 2095 773 2144 vilipendo
793 2108 864 2133 eorum
881 2107 915 2145 op—

106 2156 190 2206 probria
202 2168 272 2193 amore
284 2157 331 2202 Dei,
344 2158 378 2207 qui
389 2157 504 2194 innumeris
517 2164 536 2194 te
550 2158 641 2195 cumulat
652 2157 768 2195 benefieiis
786 2158 862 2195 Exeita
874 2157 916 2194 die-

105 2218 143 2255 bus
155 2217 263 2254 dominicis
276 2223 297 2254 et
308 2217 391 2256 festivis
403 2219 423 2255 iu
437 2218 458 2256 S.
473 2218 495 2256 S.
507 2219 575 2256 Missa
586 2219 668 2256 firmmn
680 2218 810 2268 propositum
829 2224 915 2268 propter

105 2280 173 2316 Deum
184 2291 224 2316 non
235 2278 324 2316 ludendi.
337 2280 360 2316 Id
371 2280 439 2329 ipsunt
450 2280 488 2317 tibi
501 2292 540 2329 qua
552 2280 645 2317 salutare
657 2279 797 2329 poenitentiae
810 2292 861 2329 opus
877 2280 914 2317 irn-

107 2352 158 2390 pono
170 2352 211 2377 una
223 2352 268 2378 eum
286 2340 375 2390 quinque
386 2341 452 2377 Pater
464 2347 484 2377 et
494 2342 539 2378 Ave
552 2352 617 2390 usque
630 2342 654 2379 ad
665 2341 781 2390 proximam
801 2341 916 2379 confessio-

106 2414 152 2439 nem
165 2401 220 2439 omni
231 2400 263 2438 die
276 2401 378 2440 dominica
396 2408 416 2439 et
433 2401 511 2439 festiva
528 2401 642 2439 recitandis
662 2415 707 2441 eum
727 2402 832 2454 singulari
849 2402 915 2440 inten-

106 2464 161 2501 tione
174 2463 198 2501 ad
208 2463 245 2500 illa
255 2463 333 2501 verba:
353 2464 397 2503 „ue
413 2475 450 2501 nos
467 2463 554 2501 inducas
572 2463 592 2500 in
609 2464 756 2510 tentationum
775 2465 851 2502 assiste
866 2464 917 2502 inihi

105 2526 170 2570 Deus,
183 2537 208 2562 ne
219 2524 239 2562 in
251 2524 344 2574 priorem
357 2525 527 2563 cousuetudinem
538 2525 614 2563 niolam
624 2525 729 2564 redeam)²
749 2525 828 2574 Quodsi
844 2526 915 2575 poeni·

105 2592 152 2624 tens
163 2586 233 2631 babet,
244 2592 307 2635 ponat
318 2587 395 2636 aliquid
406 2587 427 2624 in
440 2587 487 2625 sinu
498 2600 619 2637 pauperum.

106 2657 161 2697 Quod
170 2658 213 2700 ipsa
222 2656 307 2690 remedia
316 2667 353 2690 seu
360 2657 447 2691 subsidIa
457 2658 531 2699 attinet,
541 2668 590 2701 quae
606 2658 732 2692 emendationi
749 2659 860 2702 peccatoris
870 2669 915 2701 pro-

130 2707 226 2740 eurandae
235 2706 348 2747 inserviunt,
358 2707 389 2740 his
400 2707 535 2741 enumerandis
550 2710 667 2746 penei-anons
680 2712 700 2743 et
712 2710 824 2746 specialitas
835 2708 866 2741 hio
878 2709 916 2741 lori

130 2756 289 2796 supersedemus,
298 2755 409 2798 pariterque
419 2756 537 2797 methodum,
548 2767 585 2800 qua
594 2757 721 2801 applicentur,
730 2758 871 2800 praeterimus,
885 2761 914 2790 ut-

129 2805 174 2882 ἓοῐθ
184 2814 242 2846 quum
252 2805 274 2838 de
283 2805 314 2838 his
322 2805 409 2838 omnibus
419 2815 484 2839 sermo
495 2810 585 2841 reomret
594 2807 693 2850 eopiosior
705 2807 755 2840 infra
765 2807 848 2850 Caplll.
858 2806 914 2847 nujus

146 2851 234 2887 aetionis.
