2056 3193
154 87 198 134 218

152 205 210 242 tuane
222 205 344 253 observato,
358 204 411 250 uisi,
427 211 449 242 ut
464 219 501 256 pro
517 215 651 256 peecatorum
670 212 776 260 gravitate
794 220 814 251 et
830 212 957 250 multitudine

153 266 216 311 etiam
226 279 309 314 precum
321 266 487 316 peragendarum
505 270 654 308 multitudinem
667 276 688 307 et
699 273 839 320 prolixitatem
851 275 956 313 tlirrretian·

153 334 192 364 tur.
205 327 250 370 Hoc
263 326 315 363 enim
329 327 387 364 modo
400 328 462 367 facile
474 329 504 375 111,
517 337 538 368 ut
551 332 680 381 poenitentes
692 331 713 369 iu
724 335 843 381 pernicioso
855 337 889 374 illo
897 347 956 384 prae-

148 387 225 435 judicio
249 387 398 432 obliruueutur,
422 402 460 439 quo
484 393 543 429 multi
565 400 650 442 putant,
672 393 764 443 peractis
787 397 884 443 precibus
908 410 956 447 poe·

152 447 293 485 nitentialibus
313 455 376 487 toturn
392 451 453 489 simul
472 453 610 503 poenitentiae
629 466 679 503 opus
699 455 814 493 absolutum
830 469 884 495 esse.
903 459 957 497 Hinc

150 513 255 547 notamus:

228 574 250 619 a]
265 571 341 612 Onam
350 580 458 625 precatioj
480 589 517 613 ceu
530 589 580 625 opus
592 577 743 615 satisfactionis
762 577 876 626 poenitenti
893 580 957 629 impo-

150 632 198 678 sita]
211 646 259 672 eum
268 639 366 685 peccatis
378 638 499 687 confitentis
511 636 609 675 satutari
620 650 681 676 nemo
692 639 810 686 jtntputttr.
829 638 866 677 Sic
885 639 957 679 Oratio

150 694 258 742 dominica,
271 698 329 746 cujus
342 698 439 749 singulae
451 698 562 748 petitiones
574 699 743 737 efficacissimam
752 699 850 737 sannadis
862 709 957 749 peccato·

151 756 207 794 ribus
221 759 328 796 materiam
341 760 484 808 suppeditant,
498 760 591 798 erunibus
604 760 684 811 quidem
697 760 844 810 cujuscumque
859 767 930 799 status«
939 769 959 800 ct

149 817 224 856 indolis
236 820 389 868 poenitentibus
401 822 525 870 [praecipuo
539 822 573 867 iis,
592 822 626 872 qui
637 823 711 873 legere
723 822 831 869 nesciunt]
844 823 957 860 saluberri-

149 880 212 918 mein
225 881 371 930 poenitentiam
383 882 464 934 injungi
476 883 562 931 poterit:
575 881 608 920 ast'
619 883 654 919 illa
665 883 736 932 petitio
749 896 760 921 a
773 883 904 921 confessario
911 896 957 932 spe-

150 943 231 980 cialiter
243 943 366 993 designetur
379 950 470 992 oportet,
488 943 509 980 in
522 943 580 991 cujus
592 944 717 981 recitatione
735 944 875 992 poenitentem
893 944 957 981 conti-

149 1015 188 1039 nuo
202 1003 299 1040 monitum
312 1005 428 1047 asseruit,
448 1011 469 1041 ut
480 1004 510 1040 illi
522 1005 641 1042 accuratius
654 1004 812 1053 perpendendae
827 1005 957 1048 inunoretur,

150 1070 170 1100 et
182 1076 267 1108 corum,
287 1076 338 1114 quae
351 1064 495 1102 confessarius
507 1065 619 1102 salubriter
628 1065 754 1102 adhortatus
766 1065 816 1109 tuit,
836 1065 957 1102 reminisca-

150 1132 190 1162 tur.
203 1125 229 1161 V.
243 1138 264 1176 g.
278 1124 317 1172 Qui
328 1125 389 1163 nimis
401 1138 464 1175 saepe
473 1126 546 1174 jurare
559 1133 723 1172 consueverant,
735 1126 871 1164 immorentur
883 1126 903 1163 in
915 1125 957 1176 pri-

150 1198 182 1223 ma
194 1186 303 1235 petitione:
318 1186 483 1233 „Sanctificetur
495 1188 573 1225 Nomen
586 1188 663 1224 tuum.'⁷
683 1186 721 1235 Qui
734 1188 825 1225 terrenis
836 1187 922 1231 inhiant,
936 1187 957 1223 in

150 1247 251 1285 secunda:
266 1248 382 1286 „Adveniet
394 1249 489 1300 Regnum
502 1249 578 1287 tuum.’⁷
590 1249 678 1295 Afflicti,
689 1248 710 1286 in
722 1249 795 1286 tertia:
815 1249 875 1288 „Fiat
886 1249 957 1286 volun-

150 1317 181 1348 tas
194 1309 240 1348 tua³³
254 1317 293 1348 etc.
305 1310 383 1349 Eadem
395 1310 489 1349 ratione:
502 1311 604 1350 Salutatio
616 1310 726 1364 Angelica,
739 1310 858 1360 Symbolum
869 1312 957 1360 Aposto-

149 1373 211 1411 licum
224 1395 253 1400 -
267 1374 362 1425 Angelus
380 1373 464 1412 Domini
481 1396 510 1401 -
529 1373 592 1412 Salve
610 1374 693 1425 Regina
710 1397 739 1401 —
756 1373 851 1412 Litaniae
869 1373 957 1410 omniun}

150 1436 275 1474 Sanctorum
288 1442 309 1473 ct
319 1436 393 1473 beatae
405 1436 502 1488 Virginis
510 1437 591 1475 Mariae
602 1459 631 1463 —
644 1435 756 1475 Orationes
767 1436 787 1473 in
798 1434 956 1474 Ecclesiareci-

150 1497 189 1535 tari
201 1497 275 1535 solitae
287 1520 316 1524 —
328 1497 404 1547 Hymni
423 1498 565 1537 ecclesiastici
582 1505 602 1536 et
614 1498 734 1537 dioecesani
749 1497 827 1536 utiliter
840 1495 957 1547 praescribi

150 1565 243 1609 possunt.
262 1559 319 1598 Idem
331 1561 388 1598 valet
400 1561 424 1598 de
436 1560 516 1599 actibus
528 1560 593 1606 Fidei,
612 1560 663 1610 Spei
674 1567 695 1598 et
707 1559 827 1604 charitatis,
846 1559 871 1597 tle
889 1557 956 1608 preci-

149 1622 187 1659 bus
199 1621 305 1659 matutinis
318 1628 339 1659 ct
351 1622 476 1671 vespertinis
483 1638 489 1666 3
508 1622 533 1660 de
551 1622 687 1660 renovatione
706 1622 824 1672 sponsionis
835 1620 856 1658 in
873 1620 957 1669 Baptis-

150 1689 211 1728 mate,
223 1683 243 1719 in
257 1683 427 1729 Confirmatione,
438 1684 459 1721 in
470 1683 616 1723 benedictione
627 1683 756 1722 Matrimonii
767 1683 836 1721 factae
849 1688 889 1719 etc.

223 1745 247 1791 b]
261 1744 333 1782 Oumis
345 1745 438 1795 precatio
450 1746 470 1783 in
483 1745 630 1794 poenitentiam
642 1745 742 1794 injuncta,
754 1757 803 1783 cum
815 1746 867 1782 actu
877 1742 957 1781 sallent

149 1808 268 1843 distentione
287 1806 439 1844 detestationis
454 1809 598 1857 peccatoram
618 1807 707 1856 bonique
724 1805 826 1854 propositi
844 1805 868 1842 de
886 1810 957 1841 cetero

150 1879 189 1904 nou
202 1866 312 1920 peccandi,
325 1880 363 1905 nec
375 1880 415 1904 nort
427 1879 476 1905 ciam
491 1870 596 1917 petitione
608 1867 674 1905 divini
686 1879 727 1916 pro
743 1879 796 1904 vera
807 1864 958 1902 etateuttattoue

150 1927 230 1965 crucilia?
239 1919 389 1976 pericla-ntur.
402 1928 545 1965 —Precibus
558 1927 604 1965 addi
615 1933 702 1977 possunt
714 1925 892 1969 circumstantiae,
904 1937 923 1961 v.
936 1937 957 1974 g.

150 1994 170 2024 ut
182 1988 294 2024 fraudantur
306 1989 339 2025 vel
351 1989 413 2026 flexis
425 1989 516 2039 genibus
524 1989 593 2025 -vel
607 2000 677 2027 coram
690 1987 803 2031 Crucifixo,
815 1987 849 2023 vel
855 1984 957 2024 inEccle-

148 2049 179 2085 sia
192 2061 262 2086 coram
275 2048 422 2094 Sartctissimo,
435 2056 475 2087 etc.
487 2049 616 2086 Laboriosae
632 2048 803 2086 circumstantiae
820 2046 862 2084 illis
880 2052 957 2083 tautum

148 2109 283 2157 imponendae
296 2116 356 2155 sunt,
376 2110 410 2159 qui
420 2110 488 2147 Deum
507 2109 603 2160 graviter
620 2110 728 2146 laeserunt
745 2114 805 2158 atque
823 2106 957 2158 gravissimis

149 2170 269 2207 criminibus
282 2170 377 2219 impliciti
389 2176 443 2206 sunt.

175 2226 177 2229 ’
222 2232 244 2277 c)
256 2231 340 2268 Pariter
353 2231 488 2280 despicerer,
502 2230 607 2282 peritanella
615 2242 694 2281 preces
705 2229 810 2278 injunctae
820 2228 956 2278 fraudantur)

148 2305 167 2328 v,
180 2305 201 2342 g.
215 2292 247 2329 vel
259 2305 296 2342 per
308 2292 352 2330 dics
365 2292 442 2350 aliquot
454 2292 570 2344 continuos,
582 2292 615 2329 vel
627 2304 664 2341 per
677 2290 721 2329 dies
734 2290 848 2328 dominicos
861 2289 911 2326 duos
924 2293 959 2325 aut

149 2359 199 2399 tres,
211 2354 244 2390 vel
257 2365 294 2402 per
306 2360 387 2403 tempus
399 2352 456 2398 illud,
469 2353 521 2403 quod
533 2352 588 2391 inter
600 2346 798 2401 hancfffpraesentem
811 2357 832 2388 et
843 2348 958 2399 proximam

149 2414 300 2452 confessionem
312 2415 457 2452 intermedium
469 2420 508 2452 est.

222 2475 272 2514 [lura
283 2488 334 2514 vero
351 2488 426 2526 preces
445 2488 483 2514 ceu
501 2475 586 2514 virtutis
604 2474 718 2513 subsidium
737 2472 906 2518 efficacissimum
924 2471 958 2517 iis,

149 2536 213 2588 quiin
225 2538 302 2577 virtute
314 2538 418 2589 proficere
430 2539 509 2584 volunt,
520 2537 668 2589 injunguntur,
681 2536 753 2575 modus
765 2533 848 2587 petendi
859 2533 958 2573 virtutem

149 2600 224 2650 duplex
235 2608 325 2640 notatur.
336 2601 384 2639 Peli
396 2601 449 2639 enim
461 2607 531 2652 potest
541 2601 610 2639 virtus
621 2600 641 2637 in
654 2602 772 2649 connutriti)
786 2598 879 2646 exemplo
894 2597 958 2636 Davi-

148 2663 179 2701 dis
192 2663 281 2701 orantis:
296 2665 427 2703 „nouitatem
441 2669 461 2701 et
473 2663 604 2713 disciplinam
617 2669 637 2700 et
648 2662 748 2701 virtutem
761 2657 906 2707 doce1nc’⁷¹]‚
926 2660 959 2699 vel

148 2725 215 2762 virtus
227 2724 248 2761 iu
257 2726 402 2775 particulari,
416 2725 512 2763 nimirum
525 2725 545 2762 in
557 2725 596 2762 bac
609 2725 731 2774 septimana,
743 2723 764 2760 in
776 2722 815 2761 boc
827 2734 899 2769 mense
910 2734 958 2767 uua,

147 2787 188 2824 alia
200 2786 219 2823 iu
233 2786 280 2830 alia,
292 2787 321 2822 ita
333 2793 408 2831 tamen,
421 2787 479 2824 utils
493 2786 640 2831 consideratis,
653 2797 704 2836 quae
717 2785 741 2822 ad
753 2783 852 2822 virtutem
864 2796 883 2821 v.
892 2797 913 2834 g.
922 2783 958 2821 hu-

173 2921 188 2959 1)
198 2917 271 2951 Ρεεὼη.
283 2916 368 2952 cxvlll.
376 2919 405 2951 66,
