2056 3193
129 110 173 150 174

124 228 173 264 liter
187 229 251 265 certis
263 228 377 276 investiget
389 237 439 274 oprrs
452 233 491 263 est.
511 228 564 265 Nam
576 228 633 264 multi
648 234 773 275 peccatores
784 228 881 265 ridentur
895 228 936 265 sibl

124 285 207 337 fingere
219 291 240 321 et
251 285 364 333 imaginari
375 284 530 320 confessionem
543 286 567 321 ad
579 285 660 320 modum
672 286 792 335 vectigalis,
806 287 859 333 quod
872 285 932 321 Chri-

126 357 171 389 stus
182 349 280 399 imposuit
291 346 406 398 peccatori,
418 347 455 395 ita,
468 355 497 395 ut,
510 347 679 400 quemadmodum
692 347 768 389 nemini
785 348 865 389 moveri
876 347 901 388 lis
914 355 935 388 et

126 412 219 456 quaestio
231 411 285 444 solet
297 410 408 445 advehenti
419 422 484 445 novas
497 422 590 450 rnerces,
609 410 627 444 si
639 411 698 445 modo
710 410 799 456 principi
811 417 935 447 consuetum

126 466 200 523 pendat
211 465 315 524 vectigal,
333 477 410 522 parum
425 478 505 523 quoque
523 466 611 516 referat,
630 479 684 508 nova
696 467 827 508 committere
839 472 934 522 peccata,

125 534 231 569 dunnuodo
245 534 384 577 satisfaciant,
397 545 462 581 seque
474 535 597 570 submittant
608 534 740 581 praescripto
750 534 816 577 oneri,
830 547 853 570 ea
863 547 935 572 coram

124 591 235 626 sacerdote
247 591 356 627 recitandi.
371 590 445 635 Quare*
455 603 500 627 cum
513 598 622 638 separant
635 593 659 625 ad
672 592 837 636 confessionem,
854 603 934 627 omnem

125 655 229 694 collocant
241 653 401 710 sollicitudinem
413 653 433 693 in
446 653 560 694 ordinanda
572 653 641 702 serie,
661 661 682 694 et
692 661 828 705 peccatorum
846 668 934 696 nurnero

124 716 251 760 exponendo,
270 717 409 749 contritionis
421 716 501 749 modica
513 715 601 749 habetur
619 717 684 756 ratio;
703 716 751 750 hinc
771 716 933 751 Sacramentum

122 772 186 824 istud,
198 772 251 828 quod
264 778 296 815 est
308 771 412 816 secundus
424 772 547 828 baptismus,
565 772 636 816 uiuitis
649 772 756 816 arrimabus
769 772 860 816 eflicitur
876 772 932 816 lara-

125 851 190 881 crum,
198 840 217 874 si
224 851 264 875 non
273 840 392 881 exitiosum,
405 846 464 874 certe
475 840 556 882 inutile,
569 846 590 875 et
602 852 653 886 quae
662 841 702 875 sibi
710 841 806 875 videntur
815 841 933 883 mundatae,

123 895 221 933 lotionem
236 906 261 932 ne
277 895 358 949 quidem
375 895 497 950 attigerunt.
513 897 551 932 ‘Ex
566 896 661 932 omnibus
679 897 819 948 poenitentiae
838 897 933 947 partibus

123 964 179 999 nulla
192 969 230 1006 est,
250 963 274 999 de
287 975 326 1010 qua
338 962 414 1011 inagis,
434 962 531 1011 quamde
546 965 688 1007 corrtrilione,
707 962 798 1000 dubitari
816 963 889 1012 possit.
910 962 934 1001 Si

122 1032 181 1054 actoris
193 1027 252 1054 actus
265 1021 419 1065 poenitentialis
432 1032 458 1054 ex
470 1021 552 1055 defectu
563 1022 695 1067 integritatis
710 1022 731 1055 in
744 1022 875 1056 confessione
888 1024 932 1055 nul-

122 1077 164 1122 lmn
176 1085 209 1122 est
221 1079 389 1129 Sacramentum,
400 1080 475 1132 oipiuti
487 1079 542 1123 nulla
554 1084 616 1122 eruut
634 1093 660 1122 en
675 1079 758 1124 defectu
777 1093 840 1123 verae
853 1080 932 1123 contri·

123 1146 192 1180 tionis.
204 1148 272 1191 Atque
283 1146 322 1181 hoc
335 1145 465 1193 diligentiam
477 1147 532 1181 sicut
543 1146 676 1192 poenitentis,
695 1147 725 1181 ita
737 1153 758 1181 et
774 1147 901 1182 confessarii
911 1148 932 1182 in

122 1201 270 1257 investIganda
280 1212 344 1237 verae
357 1201 490 1238 contritionis
504 1203 585 1238 ratione
601 1212 661 1253 quam
674 1203 761 1238 maxone
775 1213 851 1239 acuere
864 1203 931 1239 debet.

124 1267 206 1316 Operae
222 1269 291 1318 igitur
302 1269 391 1316 pretium
404 1274 449 1313 est,
465 1281 510 1305 rem
522 1269 607 1306 uberius
621 1281 736 1317 exponere,
752 1268 881 1316 subjiciendo
897 1268 932 1306 ob-

123 1327 256 1360 servationes
269 1328 327 1361 circa
339 1328 488 1371 poenitentium
502 1328 654 1361 contritionem.

228 1447 401 1496 Observationes
416 1449 477 1496 circa
490 1449 651 1510 poenitentium
665 1449 827 1497 contritionem.

196 1572 214 1623 ξ.
228 1570 277 1611 120.
291 1576 314 1619 a]
326 1574 415 1610 Plurimi
425 1574 519 1611 dolorem
530 1574 608 1611 habere
620 1575 724 1617 videntur,
740 1574 825 1622 quinon
840 1574 928 1619 habent;

123 1631 239 1676 cujusmodi
250 1637 298 1665 sunt
310 1642 381 1665 eorum
393 1633 500 1679 plerique,
520 1643 606 1679 quorum
618 1638 705 1679 peccata
716 1634 750 1665 vel
761 1634 843 1666 lucrum
855 1633 929 1666 attule-

122 1702 178 1741 runt,
197 1695 230 1739 ¹vel
242 1694 338 1735 damnum
356 1702 464 1735 terrenum
480 1694 609 1746 depulerunt.
629 1693 657 1735 Hi
675 1708 825 1747 saepenumero
844 1708 884 1740 nou
901 1691 929 1737 ita

122 1762 170 1790 sunt
183 1758 305 1800 comparati,
318 1763 340 1790 ut
351 1763 439 1801 peccata
451 1769 489 1791 sua
501 1759 557 1791 serio
570 1759 708 1797 detestentur,
722 1764 742 1791 et
755 1758 831 1792 efficax
840 1758 931 1791 firmum-

122 1824 161 1869 que
179 1819 264 1857 teneant
282 1814 419 1869 propositum,
438 1814 519 1858 lucrum
533 1814 637 1866 illicitum,
653 1813 705 1870 quod
724 1820 810 1871 peceato
827 1812 930 1869 acquisie·

108 1887 175 1922 rant,
189 1882 352 1926 derelinquendi,
371 1883 404 1916 vel
416 1882 567 1917 incommodum
586 1888 673 1927 peccato
687 1882 800 1916 devitatum
819 1888 891 1927 sponte
910 1881 930 1917 in

121 1947 144 1976 se
157 1937 290 1991 suscipiendi.
303 1937 403 1993 dlagnam
421 1937 522 1989 ejusmodi
533 1938 683 1991 poenitentium
701 1943 781 1990 partem
794 1938 930 1983 constituunt,

124 2005 158 2051 qui
170 2005 308 2048 confitentur,
327 2016 350 2041 se
363 2005 388 2041 ad
399 2017 499 2054 magnum
511 2006 587 2041 malum
606 2004 741 2041 avertendum
759 2004 878 2052 pejerasse;
897 2004 931 2052 qui

124 2062 232 2096 criminum
245 2073 329 2096 suorum
342 2064 413 2096 fructu
427 2063 533 2104 fruuntur,
547 2069 608 2109 atque
620 2063 715 2109 turpibus
728 2063 860 2096 commerciis
873 2063 929 2095 locu-

123 2126 197 2175 pletati
208 2134 269 2173 sunt3
289 2125 323 2177 qui
335 2125 408 2165 ultioni
419 2138 470 2171 suae
485 2124 646 2173 satisfeceruntg
662 2124 737 2164 verbo:
752 2123 783 2164 illi
798 2138 879 2171 orrrnes,
896 2122 930 2176 qui

124 2187 177 2221 forte
190 2199 229 2221 non
241 2194 354 2221 versantur
368 2188 455 2231 amplius
466 2188 487 2221 iu
500 2188 645 2222 occasionibus
657 2188 752 2222 laedendi
766 2189 833 2221 Deum
853 2188 930 2231 absque

124 2256 154 2294 eo,
167 2244 220 2301 quod
231 2243 278 2288 inde
290 2244 337 2287 illos
351 2257 389 2287 sua
399 2243 467 2287 uirtus
481 2243 586 2296 eduxerit;
602 2250 623 2286 et
635 2243 726 2286 tortasse
739 2243 868 2299 subsequens
887 2256 929 2285 rna-

124 2311 242 2348 trimonium
253 2313 316 2348 finem
334 2312 431 2359 imposuit
449 2312 589 2348 fornicationi.
608 2311 636 2348 Hi
653 2311 748 2358 profecto
765 2312 830 2359 vulgo
847 2310 930 2346 firmum

123 2367 199 2405 hahent
209 2370 339 2420 propesitum
351 2370 376 2405 ad
387 2370 459 2418 priora
471 2370 554 2419 flagitia
571 2380 611 2404 non
629 2369 736 2412 redeundi,
755 2380 793 2403 seu
809 2368 861 2415 quod
880 2379 930 2402 suas

124 2435 253 2483 expleverint
265 2434 396 2484 cupiditates,
409 2447 447 2472 seu
459 2434 511 2484 quod
529 2447 569 2472 nen
586 2433 628 2470 sint
640 2433 727 2483 amplius
741 2432 762 2470 in
782 2431 892 2471 occasione
910 2438 930 2471 et

123 2501 226 2537 potestate
238 2495 349 2536 redeundi;
362 2496 399 2529 sed
410 2496 531 2539 plerumque
544 2496 599 2529 nullo
612 2495 731 2529 afficiuntur
744 2493 831 2535 dolore,
844 2494 897 2539 quod
908 2494 929 2528 in

124 2563 160 2595 eas
173 2552 225 2607 lapsi
237 2553 315 2596 luerint
326 2552 453 2608 iniquitates.
467 2550 520 2606 Quid
532 2552 585 2595 enirn
603 2549 637 2594 liic
655 2551 713 2594 dolor
730 2557 772 2602 est,
788 2550 828 2593 nisi
842 2549 930 2592 tristitia

123 2625 144 2655 et
155 2619 281 2666 poenitentia
293 2621 317 2656 ob
330 2626 413 2667 patrata
424 2620 526 2661 facinora,
540 2631 592 2667 quae
604 2618 693 2654 hominis
705 2620 832 2655 voluntatem
843 2619 872 2653 ita
884 2617 928 2654 affi-

123 2677 158 2723 cit,
171 2682 201 2720 ut,
214 2677 232 2712 si
243 2677 263 2713 in
274 2678 340 2728 ipsius
352 2678 458 2713 voluntate
470 2678 560 2726 positum
576 2682 640 2719 esset,
659 2677 773 2724 praeterita
791 2687 893 2711 revocare
909 2683 929 2712 et

121 2735 242 2792 prohibere,
254 2754 279 2780 ne
292 2743 362 2788 fuerit,
375 2741 428 2793 quod
440 2742 486 2787 fuit,
499 2742 566 2780 onmia
578 2740 684 2791 perferret
695 2742 757 2787 nrala,
770 2746 791 2779 et
797 2739 852 2779 ultro
860 2739 929 2791 potius

120 2803 243 2848 praeteritis
256 2804 349 2838 omnibus
361 2815 436 2839 carere
449 2804 512 2837 vellet
523 2802 674 2847 voluptatibus,
690 2814 750 2847 quam
768 2803 863 2837 recentia
880 2814 928 2847 pec-

123 2867 170 2905 cata
182 2860 328 2905 connnitteret
340 2862 398 2904 talis
412 2868 481 2904 autem
493 2860 551 2903 dolor
562 2859 583 2902 in
595 2859 628 2910 iis,
642 2860 665 2903 de
679 2859 752 2915 quibus
770 2858 834 2902 locuti
849 2872 928 2911 sumus,

122 2935 215 2965 nontam
227 2929 350 2976 frequenter
363 2929 462 2964 occurrit.
476 2927 615 2974 Quamobrem
628 2927 772 2964 confessarius
787 2939 827 2963 non
846 2927 928 2975 acquic·
