2030 3193
864 117 891 159 19

90 238 211 289 ignorantes
227 230 285 268 circa
301 227 400 278 oiseleria
413 227 462 267 fidei
476 228 531 267 scitu
542 231 674 275 necessaria,
693 229 752 269 circa
763 230 844 267 modum
857 230 892 267 eli·

91 295 156 336 eiendi
171 292 262 336 dolorem
278 296 298 328 et
312 290 451 342 propositum,
470 289 528 327 circa
544 291 624 329 modum
639 292 679 330 rite
697 290 818 337 confitendi,
837 290 894 330 circa

91 355 159 396 officia
173 358 241 392 status
257 353 290 391 sui
304 359 343 393 etc.
360 353 462 398 instruat,
480 358 502 390 ut
513 363 578 390 vanas
591 354 749 401 excusationes,
767 353 838 405 quales
854 364 893 408 nou

90 430 138 458 raro
151 416 274 462 afferuntur,
289 416 377 462 refutet,
389 414 451 454 dubia
462 413 574 459 dissolvat,
588 421 648 465 atque
659 423 682 455 ut
691 424 766 468 potens
778 415 807 454 sit
819 414 893 454 exhor·

91 480 132 519 tari
142 479 162 517 in
175 477 269 516 doctrina
280 490 338 525 sana,
351 484 371 516 et
383 490 427 523 eos,
440 477 474 527 qui
486 476 638 523 contradicunt,
652 490 742 529 arguere
749 476 774 527 ¹).

163 539 284 590 Magnitudo
291 538 518 589 harumccgnitionum,
525 538 894 589 dequibusmodolocutisumus,ma-

92 602 124 654 gis
136 600 229 638 minusve
240 602 335 651 perfecta
343 612 391 637 esse
399 605 474 649 potest,
487 606 507 637 et
515 599 608 649 quamvis
616 599 705 638 maxime
713 607 769 637 esset
777 601 895 651 optandum,

92 668 114 701 ut
125 661 252 700 confessarii
263 674 334 698 omnes
347 660 371 698 ad
383 673 429 698 eum
440 660 577 710 perfectionis
590 660 821 710 apicem-pervenirent,
834 673 894 711 quem

92 734 181 761 canones
193 722 317 759 eminentem
329 721 439 759 scientiam
452 722 567 771 appellant3
580 733 640 770 quum
652 727 721 758 tamen
732 721 753 758 id
764 721 788 758 de
801 722 894 759 erunibus

92 794 178 832 sperare
189 793 230 819 non
241 781 314 825 liceat,
327 781 415 826 sufficit,
431 781 520 819 simodo
533 793 578 819 eam
590 782 705 826 obtineant,
723 793 774 830 quae
787 781 811 818 ab
823 781 896 818 iisdem

92 841 204 881 canonibus
220 843 342 891 coanpelens
353 842 386 879 vel
401 843 531 880 coriceniens
541 847 635 886 vocatur,
652 841 703 879 etin
716 853 739 878 eo
752 840 858 885 consistit,
874 847 896 878 ut

92 903 160 941 sciant
176 896 250 939 saltem
267 902 391 947 connnunia,
409 902 429 940 in
445 902 491 940 aliis
502 914 565 948 vero,
584 914 635 952 quae
647 908 696 939 sunt
707 901 774 939 minus
786 902 865 939 usitata
877 907 897 938 et

92 962 234 1008 intricatiora,
250 964 324 1001 saltem
334 963 446 1013 prudenter
458 963 553 1001 dubitare
564 963 658 1013 possint,
674 975 712 1014 quo
724 963 759 1007 fit,
772 962 897 1001 sententiam

93 1037 150 1065 suam
162 1024 289 1075 suspendant
301 1031 361 1077 atque
372 1025 491 1077 priusquam
503 1025 559 1065 illam
567 1025 643 1072 ferant,
652 1025 791 1077 velprohatos
800 1030 897 1065 auctores

93 1088 125 1127 rel
137 1087 242 1127 doctiores
254 1088 311 1127 viros
324 1087 468 1138 eonsulant²].

234 1208 306 1263 lledia
319 1209 448 1280 acquirendi
462 1207 582 1264 seientiam
594 1209 757 1263 necessariam.

167 1320 185 1374 ξ.
199 1317 233 1361 14.
252 1321 318 1371 Quum
334 1322 404 1373 itaque
421 1329 479 1361 tanta
497 1323 586 1362 scientia
605 1323 748 1361 confessarius
765 1321 803 1360 suh
821 1320 899 1371 triplici

93 1383 132 1421 hac
146 1380 249 1421 relatione
263 1383 366 1435 indigeat,
384 1384 479 1434 graviter
489 1390 573 1435 peceat,
589 1384 623 1434 qui
634 1384 691 1422 sacri
702 1383 813 1421 tribunalis
825 1395 898 1421 inunus

94 1445 139 1481 sine
154 1444 223 1482 debita
238 1444 327 1482 scientia
343 1445 431 1494 suscipit
446 1451 467 1483 et
481 1451 577 1489 exercet,
596 1457 634 1483 nec
650 1445 711 1482 ullam
723 1444 852 1494 diligentiam
864 1444 898 1482 ad-

94 1504 151 1541 hibet
163 1505 188 1542 ad
199 1517 244 1541 eam
251 1505 292 1542 sibi
298 1506 464 1553 coruparandam.
478 1505 547 1554 Quare
554 1506 664 1554 plurimum
668 1505 729 1552 juvat
736 1517 847 1553 exponere,
857 1504 899 1553 qui·

94 1564 132 1601 hus
144 1563 196 1602 haec
208 1564 296 1602 scientia
308 1565 428 1613 acquiratur
440 1565 520 1602 mediis.
537 1565 634 1601 Dicimus
646 1571 722 1609 autem,
735 1576 780 1601 eam
792 1564 882 1614 acquiri:

169 1620 194 1672 l]
211 1622 319 1662 Ordinato
335 1627 357 1662 et
371 1627 474 1664 continuo
489 1625 562 1664 stadio
578 1624 709 1674 Toeotoqtae
721 1623 844 1663 catholicae
856 1627 901 1662 tum

95 1684 230 1735 doqrnattooe
242 1687 287 1724 tom
298 1686 401 1737 irroratis,
415 1687 471 1725 cinito
484 1699 530 1725 cum
542 1686 675 1724 meditatione
686 1686 799 1724 veritatum
811 1686 834 1724 S.
844 1685 901 1723 Reli·

96 1746 164 1800 gionis
176 1753 268 1786 nostrae.
280 1747 363 1787 Etenim
375 1748 519 1788 confessarius
529 1749 810 1788 etoomineetctcctoritote
819 1746 902 1788 Oltrtstt

92 1810 196 1860 judicare,
208 1810 287 1850 mederi
298 1818 319 1850 et
331 1811 406 1852 docere
418 1819 507 1852 tenetur.
530 1812 579 1852 Jam
591 1811 685 1864 quisnam
696 1811 716 1851 in
729 1824 790 1851 sacro
803 1811 902 1850 tribunali

96 1874 161 1913 tutius
169 1873 266 1923 judicat?
289 1873 329 1923 Qui
341 1888 366 1913 ex
378 1875 485 1914 doctrinae
498 1875 613 1915 catholicae
626 1875 708 1926 spiritu,
721 1888 746 1913 an
759 1875 793 1925 qui
805 1887 830 1912 ex
841 1873 902 1926 vagis

96 1935 196 1975 humanae
209 1936 316 1975 doctrinae
328 1937 436 1987 principiis
448 1938 505 1976 ferre
518 1938 568 1975 velit
576 1936 692 1986 judicium?
706 1936 756 1985 Quis
769 1936 848 1975 certius
860 1948 902 1974 me-

96 1997 192 2035 debitur?
215 1996 254 2046 Qui
271 1998 296 2036 ad
313 1999 428 2049 exemplum
444 1999 478 2037 Ss.
496 1999 613 2038 Salvatoris
631 1998 752 2036 vulneribus
771 1997 903 2035 salutiferum

96 2058 177 2096 divinae
194 2059 308 2108 sapientiae
324 2060 439 2099 balsamum
454 2060 536 2110 potius,
558 2073 617 2110 quam
635 2060 669 2110 qui
688 2060 746 2098 arida
761 2058 903 2109 philosophiae

96 2119 208 2158 hesternae
221 2132 259 2158 ceu
271 2133 296 2161 ex
309 2121 389 2171 tripode
402 2122 456 2160 dicta
467 2122 519 2160 velit
531 2121 650 2171 applicare?
663 2120 802 2169 Quisreetius
812 2120 902 2158 firmius·

98 2192 135 2230 que
148 2181 243 2220 docebit?
256 2181 294 2230 Qui
307 2195 332 2220 ex
343 2183 407 2221 verbo
419 2184 459 2221 Dei
470 2182 586 2221 hominibus
598 2182 749 2234 benignissime
761 2182 854 2220 revelato
867 2193 906 2232 sua
935 2181 938 2186 “

97 2242 244 2291 depromserit,
258 2256 282 2281 an
292 2244 325 2293 qui
333 2244 456 2284 macilentae
466 2244 615 2294 qualiscunque
623 2243 695 2282 obviae
706 2243 800 2281 theoriae
808 2243 904 2287 stamina,

98 2309 134 2340 aut
145 2304 197 2353 quod
207 2304 274 2353 pejus,
286 2305 382 2354 propriae
390 2305 511 2355 phantasiae
519 2305 609 2343 ludibria
617 2305 728 2342 divendere
736 2316 776 2341 non
783 2304 905 2342 erubuerit?

98 2363 155 2400 Fidei
168 2370 188 2401 et
199 2377 279 2402 morum
292 2365 407 2403 doctrinam
420 2378 460 2403 non
470 2363 905 2413 secundmnplacitapseudophilosophiae,

99 2433 159 2471 quam
176 2424 218 2461 fert
233 2424 288 2469 dies,
306 2425 343 2462 sed
358 2425 472 2463 secundum
482 2437 557 2474 purum
568 2424 757 2473 intemeratumque
770 2436 855 2461 sensum
865 2425 906 2460 Ec·

99 2482 176 2520 clesiae
189 2483 311 2523 Catholicae
326 2485 401 2523 animis
416 2486 526 2535 propinare
545 2485 655 2536 oportebit,
678 2484 724 2522 Hac
741 2484 822 2522 ratione
836 2483 906 2522 effica-

100 2542 185 2583 cissima
195 2544 242 2582 vitii
256 2546 350 2597 fugiendi
361 2547 487 2597 virtutisque
503 2548 615 2586 sectandae
630 2547 696 2584 media
713 2545 907 2596 suppeditabuntnr,

100 2610 121 2643 ct
130 2619 182 2646 vera
196 2605 358 2648 christianorum
372 2609 447 2656 officia,
459 2615 509 2657 turri,
523 2623 574 2662 quae
587 2614 663 2649 vocant
674 2608 792 2662 generalia,
805 2614 849 2647 tutu
860 2621 906 2660 spe·

101 2668 171 2717 cialia,
189 2671 316 2711 elucescent.
338 2673 475 2713 Menrineriut
485 2673 556 2725 itaque
569 2672 705 2719 confessarii,
721 2671 837 2712 catholicae
848 2670 904 2710 Reli·

101 2730 170 2781 gionis
185 2734 282 2773 doctores
300 2747 322 2773 se
338 2748 385 2774 esse
401 2743 463 2787 atque
474 2736 582 2775 ministros
595 2735 685 2782 Christi,
703 2741 726 2773 ut
736 2741 825 2786 pascant
836 2734 907 2772 fideles

102 2791 196 2835 doctriua
206 2795 354 2847 mysteriisque
367 2797 542 2837 ChristiDomini.
552 2822 581 2827 -
592 2798 722 2850 Magnopere
735 2797 797 2836 ctiam
809 2797 907 2846 frequens

101 2862 284 2875 κ*

128 2892 142 2929 ¹)
153 2891 191 2926 cfr.
203 2895 225 2927 Α.
236 2893 298 2938 Stapl.
309 2893 377 2927 Theol.
387 2895 454 2928 moral.
468 2896 562 2929 rontlv.
573 2895 588 2938 ᾗ,
599 2896 641 2930 620.
655 2914 678 2918 -
690 2897 706 2937 ²)
717 2895 791 2929 Glossa
800 2892 818 2925 iu
828 2901 869 2935 cap.
882 2893 910 2925 lo.

150 2941 173 2973 Χ.
183 2943 205 2975 dc
215 2943 310 2977 electione
320 2947 340 2976 et
349 2942 405 2977 electi
415 2948 520 2986 potestate.
534 2946 561 2984 (1.
571 2944 598 2987 6.)
731 2989 761 3031 Τ
