2056 3193
111 96 155 142 298

110 212 194 251 minatis
217 212 338 263 quibusdam
362 212 513 252 conditionibus
535 212 670 262 promittitur.
695 213 818 251 Differenda
835 218 867 249 est
885 224 919 249 aun

110 281 165 319 tem,
188 273 269 323 quoties
286 274 311 311 de
329 274 446 312 conlitentis
469 273 585 322 capacitate
602 273 646 310 sive
665 273 766 324 dignitate
789 273 870 312 dubium
892 273 921 310 sit

110 334 215 384 prudens,
235 341 295 384 atque
314 335 376 373 simul
392 334 448 372 nulla
465 334 583 372 necessitas
601 334 751 372 absolutionem
769 335 819 373 dare
835 340 919 385 urgeat.

110 418 140 423 -
159 395 192 433 Sit
209 394 261 433 hacc
278 396 325 445 ipsa
344 396 413 434 dilatio
430 396 544 445 poenitenti
561 407 636 433 novum
659 396 741 440 calcar,
765 402 787 433 ut
804 395 882 434 monita
899 401 920 432 et

110 463 224 507 praecepta
246 457 373 496 confessarii
390 463 484 506 tempore
498 456 622 494 intermedio
640 456 719 494 certius
736 457 871 506 exactiusque
884 469 919 495 ex-

110 524 217 568 sequatur.
238 518 334 564 Accedit,
353 518 406 568 quod
427 530 464 567 per
487 506 551 567 opera
573 530 584 556 a
606 517 716 556 sacerdote
738 516 844 566 injuncta,
868 530 919 568 quae

110 579 262 617 absolutionem
284 580 435 628 praecedunt,
453 579 562 627 poenitens
590 578 689 628 paulatim
715 578 814 628 impetret
840 579 921 627 majora

110 647 131 678 et
152 640 251 678 uberiora
273 640 350 677 auxilia
372 639 396 677 ad
418 639 551 677 dilectionem
572 640 623 688 Dei,
646 646 667 677 et
689 639 835 678 contritionem
858 639 921 677 animi

110 701 247 739 excitandam.
265 701 337 739 Dilata
355 701 484 739 absolutionc
500 706 625 750 peccatores
642 712 719 750 pravos
740 700 824 738 babitus
842 712 920 738 exuere

109 763 241 811 rebellesque
254 762 316 800 animi
333 763 421 799 affectus
437 774 572 811 compescere
591 761 698 799 docentur.
716 761 825 811 Nunquam
844 773 919 812 aegro-

109 830 151 868 tus
163 823 204 860 nisi
215 823 257 860 vim
269 823 446 873 acerbitatemque
458 823 525 860 morbi
537 823 623 868 sentiat,
641 822 661 860 in
672 823 731 860 illum
743 822 809 860 denuo
819 821 920 872 ¹incidere

109 883 235 921 formidabit.
247 884 355 933 Nunquam
367 884 461 922 criminis
472 896 559 933 poenam
571 884 623 921 satis
635 889 734 932 peccator
746 882 828 932 pendet,
840 889 863 920 ut
875 882 919 930 ejus

109 951 165 982 rrretu
177 951 198 982 ct
209 951 292 982 terrore
304 944 441 993 percellatur,
460 956 526 994 neque
539 944 689 995 cogitationem
706 944 727 982 in
747 944 871 994 supplicium
888 944 919 981 in-

109 1005 180 1044 tendet
191 1005 285 1055 peccatis
298 1005 396 1049 debitum,
408 1006 449 1043 nisi
460 1017 519 1042 mora
531 1012 551 1043 et
563 1005 654 1055 spatium
665 1005 696 1043 illi
707 1005 775 1050 detur,
790 1011 813 1042 ut
825 1005 919 1042 conside-

110 1070 150 1112 ret,
159 1066 183 1103 in
196 1072 293 1116 quantam
306 1067 445 1105 calamitatem
457 1079 480 1104 se
491 1067 584 1115 peccatis
597 1067 641 1103 suis
654 1066 766 1114 dejecerit,
779 1065 859 1115 sibique
870 1078 918 1115 pro·

107 1133 171 1177 ponat
182 1127 272 1165 firmiter
285 1127 365 1177 quidvis
377 1127 502 1176 patiendum,
522 1128 602 1178 quidvis
620 1128 742 1172 ferendum,
761 1127 842 1177 quidvis
859 1127 918 1176 prius

109 1188 259 1232 dimittendum,
272 1200 332 1238 quam
343 1189 398 1225 utin
416 1189 516 1226 miserum
528 1195 618 1232 statum,
636 1189 690 1226 uude
709 1200 820 1238 emergere
838 1187 918 1232 nititur,

108 1261 183 1286 rursus
195 1249 332 1298 praecipitem
344 1260 366 1285 se
379 1249 432 1286 ferri
443 1250 504 1286 sinat.
516 1249 577 1287 Hanc
592 1249 689 1299 regulam
700 1249 763 1285 ctiam
776 1248 867 1285 Sanetos
878 1248 918 1285 Pa-

108 1316 152 1347 tres
165 1309 259 1346 tenuisse
272 1315 346 1346 eontra
362 1309 511 1347 relaxationes
523 1310 650 1359 quorundam
668 1308 691 1346 S.
705 1309 823 1358 Cyprianus
840 1309 918 1346 invicte

107 1370 175 1408 docet.
188 1368 294 1417 Quaenam
305 1369 365 1417 hujus
383 1370 425 1407 viri
436 1382 499 1407 sensa
510 1371 601 1415 fuerint,
620 1381 659 1407 non
671 1370 746 1407 melius
765 1368 856 1419 intelligi
869 1381 917 1417 pos·

107 1437 163 1475 sunt,
176 1442 236 1480 quam
248 1442 274 1467 es
286 1430 388 1468 Sermone
400 1430 435 1475 V,
451 1431 547 1480 quamde
566 1430 631 1479 lapsis
643 1430 743 1479 scripsit,
761 1429 797 1466 ubi
813 1441 851 1478 per
870 1441 917 1478 apo·

107 1490 207 1540 strophen
225 1502 273 1527 sese
293 1491 317 1528 ad
334 1497 458 1540 peccatores
474 1492 591 1536 convertit,
609 1491 703 1528 furentes
722 1496 796 1528 eontra
812 1481 917 1533 confessa-

106 1552 150 1589 rios
162 1551 202 1589 sibi
214 1551 365 1589 absolutionem
377 1552 512 1589 differentes:
532 1551 563 1591 „0
582 1558 639 1589 tuam
657 1551 752 1596 nimiam,
771 1550 864 1595 furiose,
883 1550 917 1587 de-

106 1613 217 1650 mentiam!
229 1612 333 1650 Irasceris
346 1612 375 1657 ci,
388 1612 422 1662 qui
433 1624 470 1661 pro
479 1619 499 1651 te
507 1612 674 1651 misericordiam
686 1614 819 1661 deprecatur,
833 1612 867 1661 qui
873 1612 917 1649 vad-

107 1686 146 1711 nus
158 1681 215 1711 tuum
227 1674 304 1717 sentit,
323 1674 375 1722 quod
392 1674 437 1723 ipse
449 1685 489 1711 uon
501 1673 579 1718 sentis,
599 1674 633 1723 qui
643 1685 682 1722 pro
694 1680 714 1711 te
726 1674 831 1722 lacrymas
843 1672 917 1718 fundit,

108 1747 161 1785 quas
173 1735 217 1783 ipsc
229 1734 301 1771 forsan
314 1746 354 1771 non
366 1734 441 1772 fundis.
455 1734 536 1772 Oncras
549 1735 615 1772 adhuc
634 1735 713 1773 crimen
726 1740 747 1772 et
762 1733 875 1772 cumulos.''
894 1732 916 1771 S.

107 1795 196 1834 Carolus
205 1793 223 1843 ¹)
236 1794 307 1833 eadem
319 1796 396 1833 monita
408 1795 472 1833 tradit
479 1811 485 1842 ;
504 1803 525 1834 et
537 1796 559 1834 S.
572 1796 677 1834 Xaverius
694 1796 717 1834 P.
731 1795 820 1845 Caspari
830 1807 917 1845 praece·
936 1812 939 1815 “

105 1858 147 1907 pit,
159 1864 182 1895 ut
193 1856 324 1909 quibusdam
336 1857 481 1896 confitentibus
494 1871 534 1896 non
548 1858 645 1896 continuo
664 1858 785 1896 conferatur
807 1857 917 1903 absolutio,

106 1919 174 1957 sedin
186 1920 250 1958 breve
262 1925 343 1969 tempus
356 1919 472 1965 differatur,
484 1927 507 1958 ut
518 1921 602 1958 interim
616 1920 731 1958 animorum
742 1919 836 1958 nraculas
847 1919 916 1968 lacry-

105 1982 145 2019 mis
158 1993 182 2020 ac
193 1981 318 2018 voluntariis
331 1981 400 2019 eluant
411 1982 491 2031 poenis.
505 1982 588 2033 Siquid
601 1982 634 2020 cui
647 1981 729 2027 debent,
745 1980 869 2027 restituant3
888 1981 916 2018 si·

106 2043 234 2088 multatibus,
247 2043 265 2079 si
278 2055 327 2092 quas
339 2042 428 2087 habent,
447 2044 547 2094 depositis
562 2044 650 2081 redeant
668 2056 714 2082 cum
729 2043 819 2081 inimicis
834 2042 855 2080 iu
867 2054 916 2094 gra-

105 2106 164 2151 tiam;
177 2103 291 2142 alibidinis
304 2104 454 2142 consuetudine
467 2106 593 2155 ceterisque,
606 2105 679 2156 quibus
690 2104 787 2155 impliciti
798 2110 860 2149 sunt,
879 2105 916 2141 ila-

106 2166 164 2218 gitiis
177 2165 319 2216 expediantur.
339 2165 398 2203 Haec
416 2165 484 2204 omnia
502 2167 651 2205 absolutionem
670 2159 812 2217 praecurrunt
827 2166 916 2210 rectius,

107 2240 167 2278 quam
180 2233 301 2277 sequuntur.
313 2227 366 2264 b'am
377 2227 496 2266 istiusmodi
507 2227 601 2265 homines
619 2228 640 2265 in
651 2229 698 2277 ipsa
717 2227 849 2266 confessione
867 2238 915 2276 pro-

105 2289 197 2334 mittunt,
209 2301 232 2325 se
245 2294 320 2325 cuncta
332 2288 433 2335 facturos,
445 2297 493 2339 post
505 2290 656 2327 absolutionem
667 2289 715 2327 fidei
733 2289 793 2327 datae
811 2288 917 2325 iunuemo·

105 2362 141 2387 res
153 2350 257 2399 promissa
268 2349 331 2386 irrita
343 2349 419 2387 cadere
437 2351 545 2400 patiuntur
555 2349 595 2399 2).”
613 2350 660 2389 Huc
673 2350 725 2389 facit
743 2347 850 2398 synodus
868 2345 916 2387 Ge-

105 2410 222 2449 bennensts
234 2423 245 2448 a
257 2423 384 2448 successore
397 2410 420 2448 S.
432 2412 542 2450 Francisci
554 2412 632 2450 Salesii
643 2411 721 2456 habita,
740 2410 799 2458 cujus
814 2409 865 2448 haec
880 2409 916 2447 ha-

105 2472 181 2509 bentur
193 2472 266 2509 verba:
280 2471 356 2511 „Varii
367 2472 488 2521 presbyteri
500 2485 522 2510 se
534 2473 609 2510 faciles
620 2471 723 2521 praebent
733 2471 754 2509 in
767 2471 833 2509 danda
841 2483 916 2520 pecca-

105 2539 173 2570 torum
185 2533 292 2577 remissa,
307 2533 366 2570 modo
377 2539 503 2582 peccatores
521 2533 636 2583 spondeant
648 2533 812 2571 enrendationem
827 2538 848 2568 et
859 2532 916 2568 elon-

104 2594 211 2645 gationem
224 2605 235 2630 a
247 2593 347 2641 peccandi
357 2595 468 2632 occasione
480 2594 581 2644 proxima.
593 2594 713 2645 Diligenter
724 2592 868 2642 inquirendum
877 2598 915 2637 est,

104 2667 151 2692 num
169 2654 224 2692 idem
246 2665 286 2690 nou
304 2654 387 2702 saepius
405 2656 547 2704 promiserint.
569 2656 622 2693 Nam
640 2655 664 2692 si
675 2654 764 2703 idipsum
781 2653 917 2702 promiserint

102 2716 222 2761 identidem,
234 2725 273 2752 nec
284 2714 411 2763 promissum
423 2716 561 2768 adimplerint,
573 2716 685 2766 presbyter
697 2715 780 2752 illorum
791 2715 863 2752 verbis
875 2726 915 2752 non

109 2803 307 2813 —.-———-›

127 2863 143 2902 1)
152 2862 173 2893 ln
182 2859 231 2893 libro
242 2861 266 2893 dc
278 2860 353 2893 ratione
364 2859 508 2893 administrandi
522 2860 667 2893 sacramentnm
680 2859 819 2893 Paenitentlae.
834 2878 856 2885 =
866 2856 880 2903 2)
894 2859 915 2891 In

150 2909 190 2942 vita
200 2908 222 2941 ab
232 2910 301 2942 Horat.
312 2909 371 2958 Tuis.
381 2911 454 2942 exarat.
464 2917 484 2950 p.
493 2909 537 2941 381.
