2017 3193
858 78 900 121 159

95 199 148 249 Quia
160 198 223 237 dieis:
236 197 294 247 Quod
306 195 362 234 dives
374 210 427 241 sum,
440 202 461 233 et
471 196 615 245 locupletatus,
629 202 649 234 et
661 195 737 233 nullius
750 207 816 246 egeo:
833 200 853 231 et
865 206 899 231 ne-

95 262 144 307 scis,
157 260 204 310 quia
215 265 237 297 tu
249 271 271 296 es
283 259 347 296 miser
359 266 379 297 et
390 257 516 311 miserabilis
528 264 633 307 etpauper
641 264 662 295 et
670 270 746 296 caecus
755 262 775 293 et
782 255 862 292 nudus’⁷
874 254 899 302 ¹).

94 345 124 350 —
134 320 278 359 Desiderando
291 332 355 370 capax
366 318 474 362 efficieris,
487 323 509 354 ut
519 318 632 366 implearis.
644 320 702 356 Deus
714 319 772 363 nult,
791 323 814 354 ut
826 317 899 361 anima,

95 396 146 434 quae
158 382 245 420 imbrem
257 382 336 420 diuinae
348 382 430 433 gratiae
439 377 548 427 suscipiat,
560 378 589 415 sit
596 379 678 416 sitiens:
692 380 815 418 „Ell'undam
827 391 899 428 aquam

95 456 158 494 super
170 443 286 482 sitientem''
297 442 323 491 ²).
337 444 370 482 Sit
382 448 451 480 autem
462 439 501 477 hoe
514 439 639 476 desiderium
651 440 742 490 urdene,
754 443 817 491 forte
830 447 850 478 et
862 441 899 490 ef-

92 507 161 557 licum.
172 505 254 543 Ardens
266 506 353 556 quidem,
371 510 395 541 ut
406 502 451 553 quis
464 501 489 538 ad
500 500 651 550 perfectionem
663 500 744 538 feratur
755 503 821 540 instar
834 502 899 539 farne·

94 567 131 606 lici
142 567 167 605 ad
179 566 259 613 cibum,
276 568 343 605 instar
355 564 446 603 sitientis
459 562 483 600 ad
494 568 571 611 potum.
589 564 659 606 Forte,
679 567 702 598 ut
721 562 808 600 animum
826 570 899 601 contra

95 628 229 666 difficultates
241 629 318 680 erigat,
331 634 351 665 et
361 625 448 663 virtutis
460 623 527 661 studio
539 624 617 660 firmet:
635 622 673 660 has
686 623 739 660 eninr
756 624 789 673 qui
806 624 899 670 lrorrent,

94 690 192 727 virtutem
205 691 291 728 solidam
302 701 342 726 non
361 692 506 736 assequentur.
521 685 626 729 Nolunt,
644 684 711 733 inquit
730 685 752 722 S.
772 685 898 735 Gregorius,

95 762 142 788 esse
154 750 241 789 humiles
253 752 298 788 sine
310 749 417 797 despectu,
430 759 477 784 esse
489 747 581 785 contenti
591 745 690 795 propriis
702 746 739 783 sed
751 746 795 782 sine
807 747 899 783 necessi-

95 818 144 857 tate,
157 825 204 850 esse
216 812 276 856 casti,
289 810 326 847 sed
337 809 382 846 sine
393 808 535 847 maceratione
543 807 646 856 corporis,
659 818 706 844 esse
714 807 851 856 poenitentes,
864 808 900 844 sed

95 874 139 911 sine
158 872 296 915 contumeliis,
315 877 336 907 et
353 883 399 908 cum
411 869 498 919 adipisci
515 869 615 906 virtutem
632 875 747 918 quaerunt,
765 869 802 906 sed
816 869 900 906 labores

94 936 194 973 virtutum
206 934 296 984 fugiunt,
309 931 356 981 quid
368 931 422 968 aliud
434 937 479 975 est,
498 943 558 980 quam
570 929 669 967 exhibere
680 928 730 967 belli
748 930 862 968 certamina
880 931 900 966 in

95 1008 166 1045 earnpo
178 995 281 1038 nesciunt,
294 999 314 1030 et
325 991 454 1041 triumphare
466 992 487 1028 in
498 992 585 1029 urbibus
598 991 760 1040 concupiseunt”
768 989 793 1039 ³).
805 991 900 1041 Denique

95 1057 171 1095 efficax
182 1056 210 1092 sit
227 1060 316 1104 oportet,
333 1053 432 1091 videlicet
450 1053 502 1103 quod
521 1053 546 1090 ad
562 1053 637 1102 praxin
655 1053 783 1101 operationis
802 1059 900 1090 externae

93 1116 210 1166 perveniat,
229 1115 379 1164 conterritisque
391 1113 495 1152 hominum
507 1113 601 1151 dicteriis
614 1120 634 1151 et
645 1114 737 1163 propriis
751 1114 900 1152 commoditati-

94 1180 132 1216 bus
145 1183 238 1214 sectetur
246 1189 286 1214 non
294 1175 448 1214 consolationes
460 1175 588 1224 spirituales
601 1176 699 1225 neglecta
706 1175 791 1212 virtutis
804 1175 900 1212 substan-

95 1239 123 1276 tia
134 1239 201 1276 instar
212 1238 279 1286 pueri,
292 1237 326 1287 qui
337 1237 434 1285 butyrum
445 1236 494 1285 pani
501 1236 580 1273 allitum
589 1236 677 1286 delingit
689 1242 709 1273 et
719 1249 793 1286 panem
805 1236 902 1287 negligit,

95 1300 132 1337 sed
148 1299 238 1336 uirtutes
251 1304 371 1337 constantes
383 1303 404 1334 et
415 1297 500 1341 firmas,
513 1309 564 1347 quae
577 1297 617 1334 sihi
629 1297 650 1333 in
665 1298 720 1334 onrni
733 1298 792 1342 loeo,
809 1303 902 1347 tempore

96 1367 117 1398 et
127 1360 239 1399 occasione
252 1365 354 1398 constent.
366 1381 396 1385 —
409 1359 468 1397 „Non
480 1358 504 1395 ad
516 1370 647 1403 mensuram,
663 1358 692 1395 ait
710 1358 733 1396 S.
748 1358 902 1407 HieronymuS,

96 1421 130 1459 dat
140 1422 206 1465 Deus
219 1420 255 1458 sed
267 1420 380 1458 seeundum
393 1419 549 1468 dispositionem
558 1419 627 1456 cordis
636 1416 746 1466 rrostri”⁴].
759 1419 816 1456 Unde
828 1431 902 1457 secun-

96 1482 142 1520 dum
153 1482 283 1531 propositum
296 1487 316 1517 et
328 1480 599 1529 dispositionemnostram,
617 1491 692 1517 cursus
704 1480 812 1528 profectus
829 1480 902 1518 nostri.

96 1541 165 1590 Quare
177 1554 202 1578 ne
214 1543 271 1578 seria
281 1541 404 1590 proficiendi
415 1541 511 1577 voluntas
524 1541 599 1585 evolet,
612 1541 756 1578 confessarius
768 1541 836 1577 onmia
848 1541 903 1578 devi-

96 1609 132 1647 tet,
145 1602 219 1651 quihus
232 1602 267 1639 alii
278 1614 289 1638 a
302 1602 398 1639 continuo
416 1601 502 1637 virtutis
515 1607 536 1637 et
546 1601 683 1649 perfectionis
702 1601 769 1638 studio
782 1602 903 1638 deterrean-

95 1669 136 1699 tur.
148 1663 204 1699 Hine
216 1663 277 1706 absit,
289 1668 312 1698 ut
322 1661 459 1710 perfectionis
472 1661 562 1698 studium
579 1673 617 1698 eeu
632 1674 677 1698 rem
691 1662 752 1698 nimis
769 1663 854 1699 arduam
870 1663 904 1699 de-

96 1724 187 1768 scribat;
198 1723 279 1772 pariter
291 1722 380 1768 cavebit,
392 1734 417 1759 ne
429 1722 527 1771 pietatem
541 1722 600 1772 quasi
607 1722 704 1760 tetricam
717 1723 823 1773 numisque
833 1722 905 1774 gaudii

97 1791 204 1835 expertem
216 1784 319 1828 exhibeat,
332 1784 404 1834 quippe
419 1796 485 1833 „quae
498 1784 522 1821 ad
535 1784 602 1821 omnia
613 1784 670 1821 utilis
684 1791 726 1829 est,
744 1785 904 1834 promissionem

96 1846 174 1885 hahens
185 1836 249 1892 vitae]
261 1858 312 1897 quae
324 1858 379 1884 nunc
391 1851 430 1891 est,
443 1851 464 1882 et
474 1845 580 1883 futurae:’'
592 1845 633 1883 imo
642 1846 717 1897 jugum
730 1846 810 1884 utristi
822 1859 904 1897 semper

98 1920 136 1946 ceu
148 1920 212 1945 suave
225 1914 245 1945 et
256 1920 308 1945 onus
321 1920 360 1945 ceu
370 1908 416 1944 leve
427 1913 530 1956 proponat
538 1905 564 1954 ⁵).

170 1965 196 2017 2)
208 1967 236 2007 Ut
246 1981 286 2007 non
298 1968 359 2007 nimis
371 1974 448 2021 urgeat
459 1968 606 2019 poenitentem,
619 1969 699 2015 volens
711 1976 733 2008 ut
746 1982 786 2008 uno
799 1969 858 2021 quasi
869 1982 904 2008 vo-

96 2032 139 2069 latu
152 2031 176 2069 ad
190 2032 270 2069 culmen
283 2031 401 2070 sanctitatis
414 2031 525 2077 ascendat,
538 2031 574 2069 sed
586 2032 684 2081 paulatim
697 2039 717 2070 et
728 2046 766 2083 per
778 2033 857 2084 gradus
870 2033 904 2070 du-

97 2100 137 2134 cat.
151 2092 274 2133 „iustorum
287 2094 362 2132 semita
381 2093 440 2144 quasi
451 2094 487 2131 lux
498 2093 608 2144 splendens
620 2093 722 2144 procedit,
742 2101 762 2132 et
774 2096 852 2134 crescit
870 2107 904 2133 us·

98 2168 136 2207 que
155 2156 179 2193 ad
196 2156 313 2205 perfectum
332 2153 432 2203 dierrr’'⁶].
457 2156 613 2194 Diseernuntur
631 2162 699 2194 autem
713 2164 758 2194 tres
773 2158 904 2207 potissimum

97 2218 186 2269 gradus:
197 2219 292 2267 influens,
305 2218 323 2255 si
334 2218 379 2267 quis
392 2218 416 2255 ad
429 2223 535 2255 extremos
548 2219 607 2268 quasi
618 2219 702 2256 uirtutis
714 2219 791 2256 limites
801 2220 904 2263 subsistit,

98 2286 119 2317 et
130 2292 154 2318 ea
165 2285 244 2317 tantum
256 2279 362 2324 observat,
374 2291 426 2328 quae
439 2279 483 2316 sine
499 2285 570 2328 aperto
589 2280 684 2329 periculo
703 2281 784 2332 negligi
798 2293 839 2319 non
856 2293 904 2331 pos-

98 2348 158 2387 sunt,
177 2363 207 2368 —
225 2352 336 2389 sternimus,
360 2340 407 2377 dum
425 2340 508 2377 scilieet
526 2340 595 2388 virtus
615 2341 684 2390 aliqua
701 2342 768 2379 ideam
785 2343 904 2393 Evangelii,

98 2402 227 2452 quantumin
238 2402 277 2441 hac
288 2401 332 2438 vita
343 2401 391 2438 fieri
399 2407 479 2451 potest,
491 2401 551 2450 plane
564 2402 693 2452 assequitur,
709 2425 738 2430 -
749 2405 903 2453 intermediam,

98 2464 132 2514 qui
142 2464 212 2515 utique
225 2464 312 2514 amplam
323 2462 453 2501 latitudinem
471 2463 573 2509 admittit,
590 2464 636 2502 dum
648 2464 717 2503 virtus
733 2465 801 2516 aliqua
817 2467 904 2517 gradum

97 2525 189 2564 infimum
204 2525 297 2570 excedit,
317 2531 377 2575 atque
393 2538 472 2563 summo
488 2526 557 2577 magis
572 2527 681 2577 magisque
699 2528 784 2576 propior
803 2528 903 2565 redditur.

98 2586 135 2625 Sic
146 2588 250 2637 triplicem
261 2586 384 2624 humilitatis
397 2587 485 2638 gradum
498 2588 571 2625 statuit
588 2587 610 2625 S.
622 2589 754 2634 Bernardus,
770 2589 858 2638 primum
874 2590 904 2626 vi-

98 2647 181 2694 delieet,
192 2650 246 2687 nolle
258 2648 365 2693 dominari,
379 2649 475 2693 alterum,
486 2650 540 2686 velle
553 2649 634 2697 subjici,
647 2650 739 2695 tertium,
751 2651 771 2687 in
783 2651 904 2700 ipsasnbje-

99 2707 166 2747 ctione
186 2712 288 2761 quaslibet
306 2710 442 2748 contumelias
462 2716 482 2747 et
499 2710 588 2759 injurias
605 2711 674 2749 illatas
690 2713 840 2762 aequanimiter
855 2713 904 2761 pati.

99 2799 268 2812 Ἃ.-

124 2851 138 2890 1)
148 2851 207 2894 Apoc.
216 2854 249 2888 111.
260 2859 288 2889 16.
298 2857 344 2900 Sap.
353 2856 386 2888 Vl.
397 2856 425 2888 18,
434 2874 458 2879 —
467 2854 482 2898 2)
491 2855 537 2889 Isai.
547 2857 614 2890 XLIV.
624 2860 641 2891 3.
651 2875 675 2881 -—
685 2860 700 2898 ³)
714 2858 814 2891 lllornlibr.
824 2862 840 2898 t,
847 2867 864 2891 e.
876 2859 903 2890 12,

146 2898 162 2944 4)
172 2901 193 2934 111
201 2902 274 2939 Psalm.
283 2906 361 2940 LXXX.
370 2923 393 2929 -
402 2903 418 2948 ⁵)
427 2905 442 2938 I.
453 2904 502 2939 Tim.
512 2905 544 2938 IV.
554 2908 572 2940 8.
581 2925 605 2930 ——
614 2910 630 2947 ⁶)
640 2908 699 2941 Prov.
709 2909 741 2941 lv.
754 2909 781 2941 18.
