2056 3193
128 54 171 101 142

126 171 227 211 memoria
236 170 331 222 justitiae
344 170 402 220 ejus,
418 183 469 223 quas
481 169 544 211 iecit:
563 170 686 225 sanguinem
701 185 751 212 vero
770 170 854 222 ejusde
873 184 935 213 manu

127 240 163 272 tua
177 235 289 285 requiram.
306 235 330 273 Si
338 240 411 272 autem
427 241 448 273 tu
464 235 620 274 annuntiaveris
628 235 698 283 justo,
714 242 737 274 ut
757 248 797 273 non
812 241 886 286 peccet
900 236 934 285 ju·

128 302 182 342 stus,
194 302 214 334 et
225 297 260 334 ille
272 308 311 333 non
323 297 452 346 peccaverit,
463 297 536 335 vivens
547 296 616 341 vivet,
635 295 682 347 quia
700 298 827 336 annuntiasti
840 296 868 342 ei,
880 302 901 334 et
913 304 935 336 tu

129 359 216 398 animam
228 365 282 397 tuam
294 357 402 397 liberasti''
410 357 435 406 ¹).

380 477 538 532 lustructionis
552 477 680 532 delineatio.

202 603 220 656 ξ.
234 601 268 643 99.
282 604 339 641 Utin
357 604 396 643 hac
416 617 487 642 rerum
502 605 630 654 amplissima
646 604 735 643 materia
743 605 802 654 justo
815 606 887 644 ordine
905 608 935 645 in·

129 667 240 711 cedamus,
252 671 324 715 partes
336 666 507 716 principaliores,
520 666 544 703 de
557 666 630 717 quibus
642 678 760 705 sermonem
772 667 890 706 faciendum
902 681 935 706 es-

129 741 151 765 se
167 727 305 772 arbitramur,
320 727 425 766 delineare
440 728 511 777 placet
522 749 552 755 -
563 728 716 766 Instructiones
734 735 754 766 et
772 729 933 776 admonitiones,

130 802 179 839 quas
192 788 336 827 confessarius
350 795 437 838 peccata
450 801 488 827 sua
499 789 607 827 confitenti
618 789 668 827 dare
680 789 795 841 obligatur,
807 792 837 838 A]
851 791 876 829 ad
887 804 935 841 poe·

129 850 214 889 nitentis
230 850 406 895 emendationem,
423 856 443 888 et
457 852 488 899 B]
501 850 524 888 ad
544 851 661 889 uberiorem
673 850 693 888 in
705 851 790 889 virtutis
809 852 876 890 studio
888 865 936 902 pro·

130 912 398 963 gressumpromovendum
410 918 511 961 spectant.
525 910 595 959 Quoad
604 913 699 961 primum,
712 913 936 952 confessariiofficium

130 979 227 1012 versatur
240 973 297 1011 eirca
312 979 390 1012 rectam
397 973 511 1023 poenitenti
518 973 630 1022 parandam
639 976 662 1021 a)
671 974 811 1025 cognitionem
819 974 936 1013 officiorum

129 1035 169 1084 ipsi
183 1035 355 1079 incumbentium,
374 1041 394 1072 et
411 1035 523 1073 veritatum
536 1035 695 1085 religiosarum,
707 1036 731 1083 b]
747 1036 887 1087 cognitionem
904 1037 937 1074 sui

130 1097 206 1146 ipsius,
225 1098 248 1143 o]
261 1096 388 1147 agnitionem
399 1103 547 1146 pcccatorum,
560 1096 584 1143 d]
597 1095 737 1147 cognitionem
750 1097 899 1149 obligationum
911 1110 937 1135 ex

130 1164 216 1207 peccato
228 1158 384 1207 prodeuntium,
398 1164 418 1195 et
430 1158 516 1208 denique
532 1159 555 1205 ε)
571 1158 699 1196 curationem
712 1158 774 1196 animi
790 1159 868 1197 morbis
881 1159 936 1197 adhi-

130 1220 223 1258 bendam.
237 1218 295 1268 Quod
313 1220 401 1257 alterum
417 1225 542 1257 momentum
557 1219 643 1264 attinet,
662 1219 712 1257 illud
724 1220 744 1257 in
757 1233 780 1258 eo
797 1220 903 1266 consistit,
916 1227 938 1258 ut

131 1281 274 1320 confessarius
292 1280 432 1330 poenitentem
449 1293 489 1319 non
504 1287 583 1318 tantum
599 1281 624 1319 ad
641 1281 673 1330 pie
693 1288 806 1332 sancteque
828 1282 937 1320 vivendum

131 1343 222 1381 instruat
234 1348 254 1380 et
265 1342 371 1387 hortetur,
386 1342 533 1381 verumetiam
546 1342 571 1380 ad
582 1342 678 1380 altiorem
691 1343 830 1392 amplitudinis
843 1350 864 1381 et
881 1343 937 1392 puri·

131 1405 195 1450 tatis,
224 1403 331 1442 efficaciae
354 1409 375 1441 et
392 1403 498 1442 firmitatis
514 1403 602 1454 gradum
623 1404 644 1441 in
668 1403 782 1442 eluistiana
809 1404 938 1454 perfectione

132 1465 284 1504 ascendendum
300 1464 380 1503 evehat.
394 1465 422 1512 0]
434 1466 517 1504 Dantur
529 1471 550 1502 et
564 1466 634 1514 plures
647 1476 721 1510 casus,
736 1465 842 1516 inquibus
856 1466 938 1504 confes-

132 1527 208 1571 sarius,
221 1527 266 1564 sive
273 1534 369 1578 rogatus,
382 1526 426 1564 sive
439 1539 478 1564 non
490 1533 586 1577 rogatus,
600 1527 660 1565 dubia
672 1527 762 1572 solvere,
776 1534 796 1565 et
812 1527 938 1566 decisionem

132 1589 215 1640 facere,
235 1588 268 1626 vel
280 1588 387 1627 consilium
401 1588 451 1626 dare
462 1594 546 1626 tenetur
553 1603 558 1633 ,ι
570 1587 618 1626 binc
629 1594 710 1638 partem
722 1589 788 1634 illam,
802 1601 853 1639 quae
866 1589 890 1626 de
903 1589 938 1627 du·

131 1650 172 1688 biis
185 1650 297 1695 solvendis,
310 1650 334 1688 de
347 1649 487 1688 decisionibus
500 1655 560 1699 atque
573 1649 666 1688 consiliis
679 1650 750 1687 dandis
763 1651 814 1701 agit,
828 1651 901 1688 merito
914 1651 938 1688 ad

133 1711 241 1749 materiam
253 1711 365 1749 referimus
378 1711 454 1757 officii,
468 1723 506 1761 quo
519 1710 663 1750 confessarius
675 1712 815 1760 poenitentem
832 1712 939 1749 instruere

134 1772 280 1824 obstringitur.

133 1904 290 1957 l.lnst1·uctio
305 1904 378 1975 quoad
391 1908 475 1957 rectam
485 1902 609 1957 officiorum
619 1908 640 1957 et
653 1903 772 1957 veritatum
780 1903 940 1973 religiosarum

459 1976 618 2048 cognitionem.

208 2102 226 2156 §.
240 2100 289 2143 100.
307 2103 346 2152 Qui
364 2103 463 2142 adcurate
481 2109 502 2141 et
517 2103 607 2141 sollicite
624 2102 737 2140 attenderit
754 2103 778 2140 ad
791 2103 880 2140 hominis
899 2103 942 2141 ani·

134 2176 202 2210 mum,
218 2166 279 2204 facile
297 2166 337 2203 sibi
348 2165 492 2213 persuadebit,
508 2164 622 2201 voluntatis
640 2176 754 2213 perversae
767 2176 852 2202 causam
868 2165 888 2202 in
900 2178 941 2203 me-

134 2226 201 2266 diocri
213 2232 233 2264 et
244 2227 312 2265 minus
324 2226 407 2264 exculto
418 2226 526 2263 intellectu
538 2225 615 2270 latere,
629 2231 690 2275 atque
702 2225 827 2263 defectivam
840 2226 942 2276 cognitio-

134 2300 191 2333 nem,
203 2288 297 2325 notiones
310 2288 376 2325 minus
388 2293 467 2332 rectas,
478 2286 637 2337 persuasionem
648 2286 781 2324 vacillantem
793 2292 833 2324 etc.
845 2286 942 2324 immora-

135 2349 188 2388 libus
201 2350 348 2399 appetitionum
361 2354 381 2386 et
393 2349 526 2386 eversionum
541 2354 662 2385 nostrarum
674 2347 878 2386 manifestationibus
896 2361 943 2385 esse

136 2410 275 2450 fundamento.
291 2410 412 2448 Intellectus
428 2416 448 2447 et
463 2410 570 2453 voluntas,
590 2409 630 2446 etsi
647 2420 791 2459 nonnunquam
812 2415 883 2458 aperte
904 2410 943 2447 sibi
978 2429 981 2437 =

136 2470 224 2511 invicem
239 2483 358 2522 repugnare
381 2471 503 2515 videantur,
526 2470 630 2508 tamenin
649 2475 697 2507 actu
713 2470 743 2507 ita
760 2470 894 2519 conspirant,
909 2477 943 2515 ut,

137 2534 187 2582 quod
200 2534 254 2571 alter
267 2533 357 2582 appetitu
369 2532 454 2583 dignum
465 2532 498 2568 vel
510 2531 617 2582 indignum
629 2530 688 2568 modo
701 2531 819 2569 decretorio
835 2531 944 2579 judicave-

136 2594 174 2639 rit,
192 2595 260 2632 altera
276 2606 350 2644 reapse
363 2599 457 2643 appetat,
475 2592 508 2630 vel
520 2605 570 2629 vero
582 2591 671 2640 rejiciat.
691 2591 841 2630 confessarius
854 2592 944 2643 desuper

136 2668 261 2706 persuasus,
277 2667 339 2705 saepe
354 2655 438 2705 saepius
450 2654 595 2693 necessarium
612 2665 659 2691 esse
678 2652 766 2699 videbit,
781 2654 944 2692 immutationem

138 2750 334 2759 .-—-—-

162 2791 177 2830 ¹)
185 2761 257 2821 Ezedlt.
265 2790 297 2822 ΙΙΙ.
310 2791 338 2821 17,
349 2806 372 2810 -
381 2789 411 2820 21.
421 2806 445 2811 -
453 2786 507 2820 Conf.
519 2786 601 2820 Consttt.
611 2786 696 2819 dioeces.
704 2786 720 2819 R
728 2795 739 2818 a
747 2789 754 2818 t
762 2785 806 2819 isb.
817 2795 846 2818 an.
857 2788 911 2820 1588.
922 2759 944 2820 de

186 2837 242 2871 Sacr.
252 2837 327 2872 Poentt.
338 2837 393 2871 Toni.
402 2837 444 2870 Vll.
455 2836 513 2869 Cone.
524 2836 591 2869 Germ.
601 2845 619 2878 p.
631 2836 684 2868 root.
695 2835 767 2877 synod·
777 2836 833 2878 Prag.
844 2836 946 2885 toott'rit,

186 2886 431 2928 XX,T0n1.vttl.p.715.
680 2916 682 2919 ,
877 2890 879 2892 ’
902 2891 905 2896 “
