2017 3193
852 135 894 177 137

86 256 156 300 betur,
171 254 320 299 adversentur,
337 256 395 304 proin
411 253 471 303 paulo
488 253 574 303 anrplius
591 254 721 292 conditiones
739 263 811 289 earum
827 250 895 288 decla·

87 330 136 356 rare
148 321 237 365 oportet.
250 315 304 353 Sunt
315 329 365 355 vero
376 317 415 354 hae
429 320 554 363 sequentes:

163 374 187 424 i]
199 377 253 414 Ante
265 377 333 416 omnia
350 376 485 428 quaestiones
502 374 557 411 nullo
575 387 614 411 non
632 382 724 425 tempore
739 381 761 414 et
775 373 836 412 modo
855 373 897 410 sint

88 440 219 493 &adddit-ela?-
228 438 375 492 tibertipnqe,
397 436 502 477 comitatis
515 442 536 474 et
548 435 658 474 charitatis
669 438 741 486 plenae
754 437 818 481 adeo,
837 441 859 474 ut
871 448 897 474 ex

79 490 134 551 ipsa
148 488 389 553 interrogandi-ratione
404 499 513 550 poenitens
529 498 631 549 colligere
648 498 727 546 possit,
743 497 896 537 confessarium

88 563 108 601 in
120 561 237 601 visceribus
250 563 359 602 charitatis
372 575 418 602 eum
429 561 475 611 ipso
488 571 553 611 agere
567 566 664 610 paratum
676 571 730 597 esse.
749 559 819 598 Omnis
842 560 895 599 enim

89 624 183 676 quaestio
196 625 271 663 aflectu
283 638 333 663 vere
345 630 432 674 paterno
445 622 509 666 facta,
522 627 569 671 apta
581 627 613 659 est
625 620 650 659 ad
662 621 758 659 fiduciam
766 621 895 660 confessario

90 687 140 724 adeo
152 688 294 725 neeessariam
306 686 475 735 comparandam,
487 675 668 733 efficiendumque,
681 682 817 732 utpoeniteus
825 696 895 721 omues

90 747 160 787 cordis
172 749 264 787 latebras
277 748 360 786 sincere
373 747 470 798 detegat,
484 745 531 784 duni
543 757 554 782 e
567 751 640 784 contra
652 756 721 782 sermo
729 744 793 782 durus
801 749 821 781 et
829 756 896 793 asper,

89 816 236 860 praeterquam
249 809 301 859 quod
313 809 453 858 poenitentem
464 807 544 852 laedat,
557 806 627 844 timido
639 806 735 855 inprimis
748 812 768 842 et
779 806 897 844 verecundo

90 872 178 909 animum
190 871 273 920 penitus
285 869 363 915 adimit,
376 882 463 919 eumque
477 882 488 906 a
500 868 585 907 sincera
597 874 618 905 et
629 868 691 917 plena
702 873 837 917 peecatorum
850 879 898 904 con-

90 928 182 970 fessione
194 932 298 976 deterret,
317 937 426 980 menteque
440 930 516 967 turbat.
535 928 592 977 Quae
603 929 672 967 virtus
684 929 825 978 maximopere
844 941 898 967 com-

90 994 199 1032 mendatur
218 992 363 1036 confessario,
388 992 407 1029 si
421 992 557 1042 interrogare
573 991 682 1041 contingat
695 990 849 1039 poenitentem,
865 990 899 1039 qui

90 1060 177 1106 peccata
188 1053 258 1102 turpia
271 1054 317 1091 dum
330 1053 408 1102 aperit,
425 1053 445 1090 iu
459 1065 531 1090 eorum
549 1051 705 1090 enumeratione
717 1052 835 1100 interrupta
846 1063 899 1089 voce

89 1114 179 1154 balbutit
190 1120 211 1151 et
221 1114 324 1160 haesitat:
336 1113 397 1162 hujus
410 1126 460 1152 sane
472 1114 582 1163 plurimum
594 1114 715 1151 sublevatur
727 1112 807 1150 animus
819 1125 856 1161 per
868 1112 898 1149 in-

90 1182 208 1227 terrogata,
221 1188 272 1225 quae
285 1174 395 1214 charitatis
407 1182 428 1213 et
439 1175 583 1226 benignitatis,
599 1174 789 1213 commiserationis
807 1180 827 1211 et
844 1186 899 1212 com·

90 1236 194 1287 passionis
207 1238 304 1275 affectum
321 1237 408 1287 spirant.
430 1237 474 1275 Nec
487 1237 511 1274 ab
528 1237 567 1275 hae
580 1236 656 1287 agendi
666 1235 749 1274 ratione
761 1247 850 1285 unquam
866 1248 899 1272 re-

91 1299 164 1344 cedas,
187 1298 232 1336 sive
250 1299 274 1336 ob
286 1298 427 1354 atrocitatem
440 1299 525 1348 culpae,
544 1298 589 1336 sive
608 1298 632 1336 ob
649 1297 776 1347 poenitentis
792 1297 900 1350 malitiam,

90 1360 223 1411 pravitatem,
234 1350 368 1398 andanems
415 1355 418 1358 ⁴
847 1365 849 1367 '

165 1420 218 1470 Quid
229 1433 288 1467 vero,
300 1421 319 1459 si
331 1434 382 1472 quos
395 1421 540 1459 confessarius
551 1421 801 1470 inveneritpoenitentes,
815 1421 899 1470 quinon

91 1482 222 1521 obstantibus
233 1481 444 1535 interrogationibus,
456 1482 553 1534 benignis
565 1482 654 1520 maxime
667 1489 687 1519 et
705 1481 830 1526 mansuetis,
848 1481 899 1518 nihi-

91 1543 180 1582 lominus
192 1544 276 1589 sileant,
294 1545 383 1595 eoquod
399 1544 510 1582 confitendi
528 1549 616 1594 peccata
631 1556 670 1581 sua
687 1544 765 1581 rubore
781 1543 900 1581 suffundan-

91 1607 143 1642 tur?
159 1607 202 1642 nos
216 1605 326 1650 excitabit,
341 1605 434 1655 ipsorum
447 1605 514 1644 ocrrlis
531 1604 659 1653 subjiciendo
671 1611 780 1655 paternam
791 1605 832 1642 Dei
842 1604 900 1642 boni-

91 1672 163 1711 tatem,
175 1665 264 1703 divinam
278 1667 416 1712 clementiam,
428 1666 538 1705 humanam
550 1666 687 1718 fragilitatem
699 1666 824 1716 sibimetipsi
835 1665 900 1703 notis-

92 1727 178 1772 simam,
201 1727 285 1765 sincere
303 1728 442 1767 confessionis
462 1728 574 1766 utilitatem
592 1728 714 1773 maximam,
736 1729 805 1779 legem
823 1727 902 1765 silentii

91 1800 194 1838 nunquam
206 1801 218 1825 a
230 1801 252 1826 se
264 1789 388 1827 violandam.
407 1789 486 1828 Ooutra
498 1790 516 1827 si
530 1789 630 1827 inciderit
646 1789 666 1826 in
679 1795 790 1839 protervos
803 1795 823 1826 et
835 1789 901 1837 impu-

92 1850 172 1895 dentes,
185 1849 251 1888 amice
263 1850 352 1900 quidem,
364 1863 437 1889 verum
449 1851 546 1902 graviter
558 1857 650 1896 moneat,
666 1863 705 1888 non
719 1863 755 1888 eos
774 1856 821 1888 ante
836 1850 901 1887 homi-

92 1924 137 1949 nem
150 1917 217 1956 stare,
229 1912 265 1949 sed
278 1924 350 1950 corani
362 1914 415 1957 Deo,
427 1912 487 1960 cujus
498 1913 567 1950 locum
579 1912 724 1950 confessarius
736 1918 801 1957 tenet,
819 1911 901 1948 divinae

91 1972 139 2009 illos
151 1971 257 2021 majestati
269 1979 366 2023 tanquam
378 1986 427 2011 reos
439 1973 468 2010 ibi
480 1986 527 2011 esse
540 1974 628 2018 oblatos,
646 1974 713 2010 Deum
726 1985 765 2011 non
777 1974 860 2022 impune
872 1973 901 2009 ir-

91 2033 164 2077 rideri,
179 2033 297 2083 perielitari
314 2047 386 2072 eorum
405 2036 493 2072 salutem
509 2042 626 2080 aeternam,
643 2035 743 2084 perennia
761 2041 782 2071 et
795 2033 902 2072 horrenda

92 2094 193 2144 supplicia
204 2094 231 2131 iis
244 2094 353 2140 destinari,
366 2096 400 2146 qui
412 2095 551 2134 Sacramenta
567 2096 712 2134 Paenitentiae
725 2097 844 2140 abutuntur,
857 2101 901 2132 tan·

92 2161 176 2204 tumque
188 2155 302 2193 remedium
315 2170 326 2194 a
337 2158 382 2194 Deo
395 2157 512 2195 institutum
526 2163 666 2196 contemnunt.

165 2213 191 2263 2]
205 2215 344 2264 Quaestiones
356 2218 399 2255 sint
407 2221 549 2274 perspicuae,
562 2225 584 2255 et
594 2218 701 2268 inprimis,
708 2221 807 2273 ffl’f'ii)
819 2219 901 2267 ,ri-etati,

92 2279 161 2315 stetin
173 2282 233 2326 atque
245 2270 520 2332 eoriditioni'cffirlitentirnn
537 2281 653 2330 oppositae
667 2291 732 2328 usque
745 2291 782 2323 eo,
799 2285 821 2316 ut
840 2290 902 2316 accu-

90 2334 138 2376 rate
150 2333 304 2389 intelligantur,
320 2339 427 2388 rectisque
440 2339 510 2387 juvari
526 2345 603 2389 queant
620 2340 736 2389 responsis.
751 2340 806 2377 Hinc
825 2342 848 2386 a]
864 2351 902 2377 nec

92 2399 164 2444 verba,
182 2411 221 2436 nec
236 2398 324 2448 phrases
341 2399 472 2444 contineant,
487 2412 539 2449 quae
554 2400 680 2449 poenitentis
698 2400 761 2438 indoli
776 2400 902 2451 ingenioque

92 2460 146 2498 haud
159 2459 290 2498 conveniunt.
307 2459 414 2499 Interdum
436 2460 471 2498 ubi
492 2461 623 2510 poenitentes
641 2461 702 2499 valde
714 2461 778 2500 rudes
791 2468 846 2507 sunt,
859 2474 902 2498 mu·

92 2521 142 2558 tatis
160 2521 255 2559 terminis
270 2521 382 2560 iterentur.
398 2521 531 2573 Quapropter
555 2523 689 2572 quaestiones
701 2535 741 2560 non
763 2523 806 2560 sint
821 2523 903 2560 abstra-

93 2588 140 2620 ctae
152 2588 173 2619 et
184 2583 303 2633 generales,
316 2583 353 2621 sed
365 2583 476 2634 specificae
489 2590 509 2621 et
521 2589 648 2630 concretae,
666 2596 705 2622 non
717 2584 794 2635 longae
808 2590 829 2621 et
842 2596 903 2621 aecu-

92 2644 190 2687 mulatae,
203 2644 239 2681 sed
251 2644 327 2681 breves
341 2650 361 2681 et
373 2645 479 2694 simplices
491 2650 533 2682 tam
546 2644 618 2683 verbis
630 2657 690 2695 quam
702 2645 773 2683 rebus.
790 2645 837 2683 Hac
849 2645 903 2682 enim

92 2700 202 2741 deficiente
214 2704 358 2754 quaestionum
370 2705 450 2743 virtute
462 2717 501 2742 non
513 2706 580 2759 solum
592 2706 688 2756 repetitis
700 2705 903 2758 interrogationibus

92 2765 173 2809 tempus
185 2764 288 2803 inutiliter
300 2766 384 2810 teritur,
396 2778 469 2804 verum
482 2766 545 2804 etiam
557 2767 689 2816 poenitentes
701 2768 860 2816 perturbantur,
879 2779 902 2803 eo

93 2821 146 2869 quod
157 2826 224 2862 nescii
237 2826 286 2871 sint,
299 2826 346 2876 quid
358 2827 506 2875 respondeant,
518 2827 566 2864 dum
578 2828 602 2865 ob
615 2828 713 2878 exiguam
723 2829 844 2865 intellectus
855 2839 901 2875 per-

94 2880 207 2930 spicaciam
218 2885 358 2939 interrogata,
377 2887 472 2925 terminis
484 2887 589 2937 rebusque
601 2888 699 2940 longiora
714 2895 735 2926 et
750 2889 902 2940 agglomerata,

93 2954 133 2980 non
145 2953 291 2994 assequantur.
309 2949 335 2996 b)
347 2949 373 2987 Ut
384 2961 435 2987 vero
448 2948 519 2994 aetati,
532 2950 596 2987 statui
609 2956 629 2988 et
647 2950 759 2988 conditioni
777 2948 903 2997 poenitentis
