2056 3193
157 91 202 138 332

158 217 204 250 tuos
217 212 260 249 sale
273 211 388 261 sapientiae
401 212 471 258 condi,
488 213 540 251 bene
552 224 638 257 mernor,
654 218 734 263 tempus
747 227 794 252 esse
806 214 880 258 breve,
898 213 962 252 homi-

157 273 230 322 nisque
243 284 291 310 esse
303 273 406 310 rationem
418 266 542 312 reddendam
556 273 666 321 cujuslibet
678 274 737 311 verbi
748 275 827 313 inutilis
834 290 839 321 3
858 274 963 313 discursui

156 332 269 370 verborum
281 333 334 370 viam
347 339 427 377 sterne,
440 347 526 383 eumque
538 333 606 384 dirige
619 335 644 371 ad
655 335 722 371 Deum
735 336 793 372 modo
806 341 963 384 opportuno.—

157 392 195 431 Ubi
207 398 276 431 tecum
288 393 363 430 iterum
376 405 399 430 es
411 394 476 438 solus,
494 394 589 431 examina
600 399 628 438 te,
646 399 714 431 utrum
727 393 794 431 nrirrus
806 395 872 433 bonus
884 395 962 432 inveni-

157 453 198 496 ris,
216 465 276 500 quam
288 453 358 496 fuisti,
376 454 455 502 gliscat
467 454 557 496 animus,
575 454 698 500 quodmodo
712 459 789 490 etcum
800 455 846 490 Deo
859 461 880 490 et
891 467 962 492 secum

157 511 223 559 possit
236 511 366 548 conversari.
382 511 469 549 Veniam
481 517 528 560 pete
540 511 638 548 vitiorum
650 511 670 547 in
682 513 783 561 loquendo
796 513 962 556 commissorum,

157 571 239 622 gratias
251 570 315 609 redde
326 584 363 622 pro
375 572 452 624 iirrgeli
464 571 567 616 custodia,
586 577 606 608 et
624 572 705 610 cunctis
723 572 793 618 bonis,
812 585 863 623 quae
883 573 962 618 vidisti,

157 631 244 680 audisti,
263 633 360 682 sensisti,
379 646 473 689 regeque
487 632 669 674 Deum-hominem
681 634 755 674 Jesum
768 634 886 683 christun,
904 634 962 687 cujus

157 697 245 737 deliciae
258 706 318 737 erant
330 712 375 738 cum
388 698 504 737 horrrinibus
517 699 648 745 corrversari,
661 705 682 737 ut
694 705 714 737 te
726 699 825 738 societati
837 700 963 739 Sanctorum

157 767 300 812 aggregatum
312 761 369 799 vultu
382 773 419 798 suo
431 760 538 799 laetificet.
557 783 586 788 -
604 760 709 799 Visitatus
721 761 746 799 ab
759 761 914 812 aliquo-extolle
927 774 963 801 eor

157 829 214 859 tuurn
227 822 251 859 ad
263 821 337 859 Jesum
350 834 436 872 oraque,
449 829 471 860 ut
483 823 517 860 det
529 822 565 860 tibi
579 822 712 867 charitatem,
725 822 814 860 arrinrum
827 829 963 866 mansuetum,

143 883 269 920 'demissum
282 889 302 920 et
314 883 436 927 eollecturn3
454 890 498 921 esto
512 883 611 928 affabilis,
630 883 746 928 modestus,
762 889 846 928 cautus,
865 884 963 933 prudens,

157 955 233 981 caecus
246 950 267 981 et
279 944 354 981 surdus
367 949 428 992 prout
441 944 612 982 circumstantiae
624 944 717 994 exigunt.

232 1004 256 1041 Si
274 1004 402 1051 permittitur
420 1004 458 1040 tibi
474 1005 506 1041 ire
525 1004 549 1041 ad
564 1004 733 1041 Benedictionem
752 1005 842 1041 divinam
858 1005 879 1041 in
895 1005 962 1042 eccle·

157 1064 216 1105 siam,
229 1062 305 1111 gaudio
317 1063 413 1112 gestiens
426 1063 488 1099 visita
499 1063 574 1099 Jesum
587 1063 692 1100 Christum
697 1078 703 1107 3
716 1075 806 1112 genuum
818 1064 879 1100 orbes
892 1070 963 1100 terrac

157 1122 253 1165 admove,
273 1121 486 1170 genibusqueaecide
498 1120 561 1166 Jesu3
580 1121 635 1158 sicut
653 1122 700 1158 olim
712 1122 791 1167 illaria,
810 1122 879 1159 excita
894 1121 963 1159 vivam

157 1182 217 1219 fidem
228 1182 339 1231 praesentis
353 1181 393 1219 Dei
405 1181 435 1218 tui
446 1189 534 1232 peteque
547 1183 571 1220 ab
582 1183 613 1219 Eo
622 1182 726 1220 Samuelis
735 1181 963 1234 exernploanboquere

155 1243 255 1292 Domine,
274 1244 330 1284 audit
342 1251 362 1284 te
374 1257 449 1285 servus
462 1244 530 1285 tuus.”
549 1244 611 1285 Domi
623 1258 706 1285 manere
720 1243 795 1295 jussus
808 1245 887 1299 cogita:
905 1246 963 1286 Deus

156 1310 186 1347 ita
197 1309 248 1354 vult,
260 1309 280 1347 in
293 1308 331 1347 hac
344 1322 376 1347 ine
388 1309 458 1359 posuit
470 1308 588 1348 conditione
593 1324 598 1355 3
611 1309 729 1348 obedientia
740 1315 835 1359 praestat
846 1309 952 1348 sacrificio
957 1324 963 1354 ;

156 1371 232 1409 faciem
245 1376 304 1409 verte
316 1371 336 1408 in
349 1383 394 1408 earn
406 1371 497 1422 plagam,
509 1371 544 1409 ubi
555 1371 711 1409 sanctissimum
720 1370 880 1409 Sacramentum
893 1383 963 1409 asser·

156 1439 217 1470 vatur
228 1432 249 1470 in
261 1433 358 1485 templo&
366 1438 387 1469 et
399 1444 541 1482 quemcunque
552 1433 621 1470 locum
634 1432 705 1470 domus
717 1433 814 1481 ternplum
826 1432 871 1469 Deo
884 1432 962 1470 dedica.

231 1494 253 1531 ln
266 1505 331 1531 coena
342 1484 444 1531 memento
456 1494 541 1531 ultimae
554 1505 632 1532 coenae
643 1492 705 1537 Jesu,
723 1493 823 1530 llumdem
835 1505 923 1544 rogans,
941 1498 964 1529 ut

157 1555 181 1592 ad
194 1566 279 1592 coenam
292 1555 392 1592 coelicam
405 1561 425 1591 te
438 1554 529 1591 invitare
547 1554 604 1591 velit.
627 1555 743 1602 Antequam
761 1553 870 1590 dormitum
888 1553 963 1596 vadas,

156 1620 253 1652 scrutare
265 1614 425 1656 conscientiam,
441 1619 515 1669 expete
526 1614 595 1650 lumen
608 1613 633 1649 ad
644 1612 695 1649 vitia
706 1619 742 1649 tua
753 1612 912 1663 cognoscenda,
930 1624 963 1649 re-

157 1672 229 1722 cogita
241 1673 265 1709 de
276 1672 328 1716 illis,
342 1684 379 1708 ora
391 1672 472 1709 veniam
484 1684 563 1715 eorum,
576 1678 645 1708 statue
657 1677 678 1707 et
688 1671 787 1719 promitte
799 1670 963 1707 emendationem

156 1732 219 1777 Jesu,
237 1733 289 1770 oller
301 1732 346 1769 Deo
359 1732 458 1781 quietem,
478 1742 581 1785 somnum,
600 1730 673 1768 horam
686 1736 706 1768 et
717 1742 785 1781 genus
797 1730 883 1776 mortis;
901 1730 931 1768 ita
943 1735 964 1767 te

157 1793 262 1833 committe
274 1793 320 1832 Deo
334 1793 392 1846 quasi
403 1792 442 1833 hac
454 1798 515 1833 nocte
527 1805 597 1833 coram
613 1793 660 1844 Ipso
679 1803 801 1843 comparere
819 1797 839 1831 te
857 1797 963 1844 oportea13

157 1859 277 1898 commenda
295 1864 315 1897 te
332 1858 439 1909 Deiparae
456 1857 550 1904 Mariae,
568 1858 650 1910 rlngelo
669 1856 765 1903 tutelari,
783 1862 885 1908 patrono,
905 1856 963 1906 eujus

157 1933 231 1959 nomen
242 1921 314 1959 habes.
326 1921 445 1972 Imaginare
458 1921 494 1959 tibi
505 1920 582 1958 lectum
595 1933 634 1970 qua
646 1918 779 1968 sepulchrum
790 1924 858 1964 tuum,
872 1924 892 1955 et
903 1924 963 1970 tegu-

157 1988 248 2020 mentum
260 1994 300 2031 qua
310 1982 374 2028 linum
385 1982 482 2027 funebre3
495 1982 593 2019 osculare
606 1979 742 2024 crucifixum,
755 1979 790 2016 uni
802 1991 895 2017 somnum
908 1985 963 2017 tuum

157 2033 229 2082 somno
247 2044 310 2088 Jesu,
328 2049 349 2080 et
366 2043 395 2080 ita
413 2042 543 2080 obdormisce
556 2041 593 2079 sub
606 2040 704 2079 tutamine
716 2036 811 2078 Pastoris
823 2040 916 2078 Israelis.
940 2040 964 2078 Si

157 2104 249 2142 dormire
262 2100 364 2153 nequeas,
377 2104 410 2140 vel
421 2109 482 2140 nocte
495 2102 596 2152 evigilans
608 2108 711 2139 memento
722 2101 791 2139 vocis:
809 2101 892 2139 „Media
903 2107 964 2139 noete

158 2166 236 2203 clamor
255 2165 324 2201 factus
343 2169 386 2208 est3
405 2175 454 2200 eece
472 2174 561 2211 sponsus
581 2162 646 2206 venit:
658 2183 688 2188 -
700 2167 735 2198 aut
747 2172 826 2198 mernor
838 2167 883 2198 esto
895 2160 964 2198 noctis

158 2223 252 2267 ultimae,
271 2235 310 2271 qua
322 2224 387 2259 Jesus
405 2222 430 2259 ad
440 2222 525 2258 Patrem
537 2220 615 2264 oravit,
634 2221 798 2269 sanguinemque
816 2219 908 2263 sudavit;
927 2231 965 2255 ora

157 2295 195 2332 pro
207 2288 268 2321 nocte
283 2281 455 2334 agonizantibus,
474 2281 559 2318 multum
574 2279 711 2330 patientibus,
729 2291 767 2328 pro
783 2277 878 2316 fidelibus
894 2277 965 2316 defun·

158 2345 209 2392 etis:
221 2356 284 2398 roga,
297 2356 322 2383 ne
334 2343 442 2397 permittat
452 2343 521 2389 Deus,
534 2348 557 2381 ut
568 2341 667 2380 tenebrae
680 2346 778 2380 aeternae
790 2346 810 2379 te
823 2345 903 2394 tegant.

232 2410 336 2460 Tempore
348 2407 475 2447 infirmitatis
488 2414 535 2446 ante
547 2406 615 2446 primia
626 2405 706 2446 confide
718 2404 738 2443 in
749 2406 806 2451 Deo,
826 2404 885 2456 eique
903 2411 922 2443 te
935 2411 965 2444 to-

160 2478 201 2509 tum
213 2472 327 2517 committe,
341 2478 401 2522 atque
413 2470 519 2521 frequenti
531 2469 611 2507 Christi
622 2468 721 2518 patientis
735 2474 755 2505 et
767 2467 876 2504 morientis
888 2479 965 2504 memo-

159 2533 191 2570 ria
203 2529 224 2569 et
235 2533 367 2571 meditatione
378 2533 409 2570 ita
420 2538 440 2569 te
453 2542 541 2579 occupa,
557 2536 579 2568 ut
591 2529 680 2566 animum
692 2528 760 2579 magis
772 2527 881 2578 magisque
894 2527 966 2579 erigas

158 2594 294 2642 roboresque.

233 2654 331 2690 Ceterum
343 2666 403 2702 quam
415 2650 567 2689 instantissime
580 2649 751 2687 commendantur
762 2648 856 2686 visitatio
870 2647 910 2685 SS.
923 2649 964 2685 Eu·

158 2714 283 2757 charistiae,
309 2713 414 2749 veneratio
432 2711 542 2748 Passionis
560 2709 654 2752 Domini,
679 2715 699 2745 et
717 2709 785 2745 cultus
802 2708 918 2744 illei-ianus.
937 2728 966 2733 —

157 2772 254 2823 Inprimis
274 2771 328 2809 diem
345 2771 476 2809 Dorninicum
488 2770 592 2808 festumve
611 2779 694 2806 sacrum
714 2773 803 2818 age,„et
820 2766 895 2816 pietati
913 2765 965 2805 dica.

157 2834 254 2885 lmpende
266 2832 298 2871 his
311 2831 382 2870 diebus
393 2838 478 2882 praeter
490 2829 618 2869 sacrificium
629 2828 708 2867 Missae
721 2835 742 2866 et
754 2827 873 2867 concionem
885 2833 967 2877 partem

158 2897 258 2950 temporis
270 2897 316 2950 piae
328 2894 422 2942 lectioni,
443 2894 529 2948 aliisque
547 2892 632 2947 pietatis
652 2898 672 2931 et
691 2891 801 2933 charitatis
819 2890 924 2943 operibus.
937 2913 967 2919 —
