2017 3193
887 82 915 125 71

50 228 52 232 ,
110 196 302 235 censuraremissa
316 196 390 242 fuerit,
407 196 427 234 id
440 196 493 245 quod
507 196 633 235 universalis
650 196 712 233 etiam
730 196 803 245 praxis
822 209 873 246 prae
894 209 917 234 se

110 258 165 304 fert,
182 259 203 294 vi
215 258 274 306 cujus
288 258 389 295 absolutio
403 271 415 296 a
426 256 537 301 censuris,
549 258 615 303 illam,
628 270 667 307 qua
678 263 767 307 peccata
774 258 917 303 remittuntur,

110 331 192 367 semper
204 319 333 367 praecedere
345 319 411 356 debet.
425 316 478 365 Quid
491 328 554 366 ergo,
571 318 589 353 si
607 319 706 355 sacerdos
720 319 765 367 ipsc
778 319 918 356 exeommuni-

111 380 214 416 cationem
231 379 329 417 Pontifici
347 379 478 417 reservatam
494 376 598 421 incurrit,
616 378 649 414 cui
662 380 780 416 necessitas
800 379 919 416 celebrandi

109 438 224 476 incumbit?
247 460 276 465 —
293 441 332 476 Ast
351 445 516 488 quantacumque
539 436 631 472 infelicis
649 436 709 483 hujus
724 439 843 476 sacerdotis
864 439 919 475 cala-

111 499 170 536 mitas
183 498 220 544 sit,
239 499 357 549 apeecatis
372 506 442 537 tamen
462 495 542 534 absolvi
563 495 649 545 nequit,
669 497 764 546 quamdiu
780 500 864 538 vinculo
885 511 919 536 ex·

110 561 302 600 communicationis
319 560 481 612 constringitur.
502 557 571 607 Quare
589 557 643 596 aliud
655 569 695 595 non
713 565 792 607 restat,
810 574 870 613 quarn
882 567 919 606 ut,

110 623 212 663 mediante
229 625 350 677 plerumque
372 623 477 674 Episcopo
499 634 537 660 suo
556 620 679 674 quantocius
699 635 710 660 a
727 635 816 663 censura
831 624 920 665 liberari

110 694 176 737 petat,
189 688 272 727 interim
283 702 334 726 vero
348 687 373 724 ad
386 685 504 724 evitandam
516 684 710 737 irregularitatem,
723 698 775 736 quae
786 686 918 727 violationem

111 762 248 788 censurarum
260 751 369 800 sequitur,
389 746 487 785 aSacris
501 753 600 797 quantum
612 746 657 783 sine
670 747 732 798 gravi
751 748 849 786 scandalo
872 750 918 788 fieri

110 818 190 861 potest,
209 813 321 856 abstineat,
340 822 392 859 quae
406 821 457 846 vero
476 809 573 846 omittere
590 820 630 846 non
641 814 721 857 potest,
746 809 828 848 nonnisi
847 813 919 849 animo

111 875 210 924 perfecte
222 874 317 911 contrito
331 871 469 909 administret.

348 987 422 1040 Casus
436 988 556 1056 Episcopis
570 987 687 1040 reservati.

188 1125 206 1163 ς.
219 1109 255 1151 49.
267 1113 298 1150 Ad
311 1124 373 1150 casus
385 1111 496 1160 Episcopis
514 1116 637 1148 reservatos
649 1111 755 1159 pertinent
766 1112 806 1156 itti,
819 1126 830 1149 a
849 1111 922 1161 quibus

113 1173 235 1213 absolvendi
246 1178 372 1223 potestatem
383 1172 500 1222 Episcopus
519 1171 640 1211 dioeceseos
656 1175 751 1223 proprio
767 1178 787 1210 et
805 1173 922 1212 ordinario

113 1234 238 1275 auctoritate
254 1234 376 1280 restrinxit,
395 1239 415 1273 et
431 1233 470 1273 sibi
482 1239 517 1273 aut
536 1247 547 1273 a
566 1246 588 1273 se
601 1233 721 1284 specialiter
740 1233 799 1273 adid
818 1234 922 1288 deputatis

113 1300 238 1338 reservavit.
250 1299 345 1338 Dicimus
355 1305 437 1336 autem:
447 1300 541 1350 proprio
553 1306 574 1337 et
586 1297 702 1336 ordinario
711 1300 853 1349 ccccctorz‘tote7
867 1299 921 1349 quia,

113 1369 135 1400 ut
149 1361 283 1413 paragrapho
305 1361 441 1411 praecedenti
458 1361 584 1406 monuimus,
608 1360 729 1410 quandoque
752 1361 776 1398 ad
793 1362 921 1411 Episcopum

111 1424 200 1462 facultas
212 1423 338 1469 devolvitur,
351 1423 412 1460 ctiam
425 1435 436 1459 a
447 1423 530 1460 casibus
543 1422 628 1461 Summo
639 1422 869 1466 Pontificireservatia
883 1430 918 1461 aut

113 1497 198 1534 perse,
218 1492 253 1523 aut
264 1498 301 1534 per
313 1485 416 1522 vicarium
432 1485 558 1522 absolvendi.
579 1485 634 1522 Dum
652 1484 751 1533 Episcopi
770 1491 840 1522 certos
857 1496 919 1522 casus
939 1518 942 1523 .

111 1546 151 1583 sibi
163 1553 288 1590 reservant,
302 1558 341 1583 nou
354 1545 515 1594 delinquentium
530 1545 653 1590 vindictam,
671 1545 708 1582 sed
724 1545 835 1583 eorundem
850 1545 919 1595 potius

110 1607 273 1644 emendationem
284 1606 398 1651 intendunt,
412 1612 433 1643 ut
445 1606 536 1651 scilicet,
549 1606 583 1655 qui
594 1606 645 1642 talia
657 1606 743 1643 crimina
755 1612 905 1655 perpetrarunt
912 1627 921 1651 ,·

110 1667 184 1703 borum
200 1668 332 1703 atrocitatem
353 1667 422 1716 magis
437 1667 579 1714 perspiciant,
602 1672 623 1701 et
645 1666 753 1703 efficacius
776 1667 919 1716 corrigantur.

113 1726 179 1762 (lasus
193 1726 322 1774 episcopales
334 1738 383 1762 raro
393 1726 487 1772 junctam
499 1725 576 1762 habent
588 1737 713 1769 censuram,
730 1725 783 1761 rrnde
794 1726 815 1761 in
827 1726 868 1762 illis
880 1737 920 1761 non

112 1792 200 1825 excusat
210 1786 345 1838 ignorantia,
362 1798 429 1836 neque
444 1785 560 1836 requiritur
575 1785 730 1832 inobedientia,
748 1786 814 1836 qualis
826 1786 847 1824 in
866 1785 920 1824 casi-

110 1849 149 1887 bus
160 1848 268 1899 papalibus
279 1849 348 1888 locum
359 1847 437 1886 habere
450 1848 524 1894 debet,
541 1854 564 1887 ut
582 1847 627 1900 quis
640 1860 676 1886 eos
694 1847 795 1887 incurrat.
816 1847 917 1887 Gravitas

111 1912 192 1963 peccati
204 1912 292 1959 sufficit,
309 1919 332 1950 ut
344 1924 406 1951 casus
422 1912 449 1950 sit
460 1919 598 1958 reservatus,
615 1924 654 1950 nec
666 1912 770 1958 interest:
788 1918 858 1951 utrum
869 1924 917 1962 pec-

112 1981 171 2013 cator
183 1975 350 2012 reservationem
369 1975 432 2020 sciat,
450 1987 532 2012 necne.
547 1998 577 2003 -
589 1973 694 2022 Quosnam
711 1987 773 2012 casus
789 1975 810 2012 in
829 1974 920 2025 singulis

112 2036 242 2074 dioecesibus
250 2036 366 2086 Episcopus
382 2036 422 2073 sibi
430 2037 585 2082 reservaverit,
604 2048 629 2073 ex
640 2036 733 2085 propriis
741 2036 826 2073 statutis
834 2036 918 2086 patebit.

184 2098 207 2133 ln
220 2097 323 2147 aliquibus
339 2097 470 2135 dioecesibus
486 2110 549 2136 casus
564 2098 670 2135 reservati
686 2098 788 2142 existunt,
810 2097 870 2135 simul
889 2103 920 2134 ta-

111 2171 157 2195 men
170 2158 263 2195 omnibus
276 2159 413 2196 confessariis
425 2158 515 2196 facultas
528 2159 553 2196 ab
565 2159 591 2196 iis
604 2158 726 2195 absolvendi
738 2158 874 2202 conceditur,
888 2163 921 2195 ast

111 2220 144 2256 vel
155 2221 202 2256 stne
212 2219 246 2255 vel
258 2231 307 2256 eum
318 2219 454 2256 restrictione
473 2219 497 2256 ad
512 2220 594 2257 modum
614 2219 754 2257 conferendae
773 2218 918 2262 absolutionis,

111 2292 130 2316 v.
143 2292 164 2329 g.
176 2284 198 2315 ut
209 2280 348 2327 poenitentem
366 2285 453 2326 peccato
472 2286 583 2316 reservato
598 2279 721 2327 Implicitum
736 2279 760 2316 ad
780 2279 830 2316 duas
847 2285 918 2315 tresve

110 2338 247 2375 hebdomades
266 2338 318 2386 (nisi
329 2339 447 2375 necessitas
460 2339 515 2375 aliud
527 2340 626 2385 suadeat]
645 2339 755 2382 differant,
772 2344 792 2374 et
809 2338 917 2387 peculiare

112 2412 163 2450 opus
175 2399 341 2438 satisfactorium
354 2399 377 2437 ab
390 2399 493 2449 Episcopo
506 2399 639 2451 designatum
650 2399 761 2450 injungant
768 2396 794 2446 1),

137 2550 152 2587 ¹]
163 2549 202 2582 Gfr.
215 2548 285 2581 ninzer
300 2548 437 2581 Monatscbritt
451 2548 501 2581 VIII.
518 2548 586 2591 Jahrg.
601 2557 619 2591 p.
640 2549 670 2581 21.
684 2548 718 2581 Et:
736 2547 816 2588 „Verba
836 2546 920 2581 salutis“

161 2596 412 2681 {lssizztffss'dlffifgerabssem
427 2606 483 2630 suum
498 2598 576 2631 Clerum
591 2606 601 2630 a
616 2597 712 2640 Gregorio
727 2598 807 2638 Thema,
820 2597 919 2640 Episcopo
