2056 3193
119 50 163 95 144

117 179 204 206 suorum
215 168 284 215 inscii,
297 175 317 207 et
328 168 389 206 simul
400 166 477 206 incurii
486 168 567 207 vivunt.
587 168 650 207 Tales
662 166 732 219 utique
744 168 864 213 instruere,
883 175 928 205 mo·

117 241 168 267 nere
181 231 329 281 obtestarique,
342 236 365 267 ut
377 230 518 281 cognitionem
530 231 646 269 officiorum
658 236 679 268 et
690 230 804 268 veritatum
815 220 927 281 religiosa-

117 303 164 329 rum
176 292 216 329 sihi
227 298 307 342 parent,
319 291 368 341 quin
380 292 420 330 imo
432 292 452 330 in
465 305 526 331 sacro
539 291 644 336 tribunali,
656 291 677 328 in
690 291 927 342 quantumlieripotest,

119 353 208 391 edocere
220 359 307 402 oportet.

119 412 193 454 Quanta
203 412 300 454 diligentia
310 412 391 456 singulis
401 413 476 446 vicibus
487 412 592 446 adhibenda
602 411 637 453 sit,
651 411 754 445 difficulter
768 411 841 446 deliniri
853 415 926 455 potest.

143 462 203 503 Quem
215 461 233 492 in
242 460 299 495 finem
313 462 423 495 attendatur
436 461 455 506 α)
470 463 548 504 pzrotitos
560 471 661 505 personne,-
679 460 701 493 ab
714 462 790 494 homine
806 461 927 505 perspicacis

141 510 217 552 ingenii,
227 509 369 551 heneedueato,
379 511 483 554 inprimisa
491 511 547 543 docto
557 510 613 553 plura
621 510 752 554 requiruntur,
763 520 837 553 quama
846 510 928 553 simplici

142 562 161 591 et
170 558 257 602 plehej0;
267 559 286 602 β)
295 561 376 598 prauitas
384 562 471 592 tresnariae
474 572 482 603 ,·
491 560 535 592 hinc
544 559 617 602 primas
627 558 664 592 sibi
671 563 737 603 partes
744 560 853 602 deposcunt
862 559 927 602 cogni-

141 608 168 640 tio
178 617 237 642 verae
247 608 360 651 roligionis,
372 610 419 642 etin
428 610 470 652 ipsa
479 608 579 651 Religione
594 608 672 642 articuli
684 608 729 642 fidei
741 617 788 652 prae
800 608 881 650 reliquis
895 618 927 642 ne-

142 658 233 697 cessarit,
244 661 284 690 turn
294 656 357 690 officia
367 662 431 691 status
440 658 510 699 nostri,
520 658 552 690 illa
558 659 670 701 praecipue,
680 667 703 691 ex
713 667 794 701 quorum
802 657 893 700 neglectu
909 658 927 689 in

141 716 177 739 nos
191 706 279 749 aliosque
293 707 373 740 multum
388 707 497 740 detrimenti
510 707 610 748 redundat,
624 711 645 739 ut
658 707 700 740 fieri
714 707 771 747 solet,
786 706 802 739 si
817 716 834 740 e.
849 716 867 749 g.
882 715 927 739 eon-

142 755 225 795 fessarii,
236 755 304 788 medici
314 760 351 789 etc.
362 765 436 796 corum,
451 765 499 799 quae
509 756 528 789 vi
537 756 623 789 muneris
633 756 681 799 ipsis
690 755 806 796 incumbunt,
816 755 927 798 ignorantes

142 804 173 837 vel
183 804 265 847 imperiti
274 805 355 847 fuerint;
365 806 384 849 p)
392 806 453 847 maj0r
464 807 589 843 opportunitas
599 807 712 849 (rddtsceodi,
723 815 772 848 quae
783 804 865 847 aliquem
875 804 927 837 scire

143 854 238 886 convenit.

191 905 215 952 h]
229 905 253 942 si
264 905 372 954 poenitens
384 918 421 955 per
440 907 597 944 conscientium
615 918 732 944 erroneam
750 911 819 943 actum
838 904 927 954 aliquem

119 966 197 1003 licitum
209 978 246 1015 pro
259 967 404 1015 peccaminoso
417 966 486 1011 hahet,
500 967 642 1004 confessarius
650 967 705 1004 huuc
715 966 746 1003 illi
755 978 850 1003 errorem
862 966 926 1002 omni·

118 1040 143 1064 no
156 1027 240 1064 auferre
252 1033 342 1072 tenetur,
357 1034 419 1077 prout
431 1028 507 1073 etiam,
525 1028 543 1064 si
554 1034 663 1076 peccatum
682 1027 763 1077 aliquod
781 1026 862 1064 reniale
881 1032 925 1063 tan-

119 1100 178 1138 quam
190 1094 271 1125 reatum
289 1101 376 1139 gravem
391 1088 533 1138 apprehendit.
552 1088 575 1125 Id
586 1101 605 1125 r.
619 1102 639 1140 g.
652 1089 747 1126 ohtinere
765 1087 926 1137 deprehenditur

119 1150 171 1199 apud
182 1149 274 1198 plebejos
287 1156 321 1187 aut
333 1151 476 1199 scrupulosos,
495 1150 542 1187 dum
553 1156 636 1199 putent,
651 1162 673 1186 se
686 1161 776 1199 peccare
789 1148 892 1199 graviter,
908 1148 926 1185 si

119 1211 150 1247 die
162 1211 216 1247 sesto
229 1211 324 1248 omittant
335 1223 420 1249 sacrum
427 1211 487 1259 justa
499 1211 523 1248 de
537 1222 600 1248 causa
607 1225 613 1256 3
633 1211 651 1247 si
659 1210 761 1259 jejunium
773 1222 814 1246 non
832 1215 925 1254 servent,

119 1272 159 1308 etsi
171 1272 194 1309 ad
206 1272 256 1309 illud
268 1284 307 1309 non
319 1272 361 1308 sint
373 1272 460 1322 obligati
467 1287 473 1317 ;
486 1272 504 1309 si
514 1272 568 1309 filios
581 1278 616 1308 aut
627 1284 702 1309 servos
714 1271 865 1320 delinquentes,
877 1270 927 1308 licet

119 1345 158 1370 non
175 1332 317 1378 immoderate,
331 1333 458 1382 corripiant,
476 1333 509 1370 vel
526 1345 562 1370 eos
581 1333 700 1383 castigent:
719 1332 737 1368 si
752 1332 797 1381 quis
809 1331 867 1380 ipsos
880 1331 925 1368 odio

118 1400 264 1443 prosequatur,
277 1394 370 1443 quamvis
382 1394 422 1443 ipsi
433 1394 521 1431 manime
534 1394 618 1442 cupiant
630 1393 649 1430 ei
659 1392 804 1437 reconciliari3
823 1392 841 1428 si
853 1392 925 1428 diebus

119 1454 179 1492 festis
192 1467 256 1504 opera
267 1456 390 1493 necessaria
402 1461 437 1492 aut
449 1461 507 1493 certe
520 1454 645 1492 charitativa
656 1459 760 1504 peragant
772 1459 811 1491 etc.

196 1519 218 1563 c]
232 1516 335 1553 Similiter
348 1522 369 1553 et
379 1517 413 1553 ille
426 1528 521 1553 errorem
533 1527 597 1552 snum<
605 1515 737 1552 dedocendus
751 1520 790 1558 est,
803 1513 837 1562 qui
848 1513 925 1551 hucus-

120 1589 157 1627 que
170 1590 206 1626 per
217 1579 366 1626 iqrtorunliom
378 1577 460 1627 aliquid,
474 1576 526 1626 quod
537 1588 612 1625 reapse
624 1575 754 1625 prohibetur,
766 1581 870 1623 tamquam
881 1574 926 1612 lici-

120 1645 162 1676 tum
174 1639 271 1687 patravit,
283 1651 337 1676 nunc
349 1645 418 1675 tamen
430 1639 528 1683 fluctuat,
546 1638 579 1674 vel
592 1637 654 1674 etiam
666 1637 745 1674 directe
758 1648 769 1672 a
788 1635 925 1680 confessario,

120 1699 167 1749 quid
180 1700 198 1736 ei
210 1700 284 1744 subsit,
297 1699 433 1745 sciscitatur-3
452 1711 498 1735 nam
511 1699 529 1735 si
541 1698 684 1736 confessarius
697 1697 800 1735 reticeret
814 1696 847 1733 vel
865 1695 926 1732 dissi-

121 1762 208 1798 mularet
225 1773 305 1805 rerum,
323 1766 474 1809 cooperaretur
490 1759 578 1796 alterius
596 1759 675 1803 errori,
691 1764 837 1806 errantemque
852 1757 872 1793 in
888 1769 925 1793 suo

120 1827 205 1870 peceato
218 1821 359 1859 confirmaret.
372 1821 470 1857 Ceterum
482 1832 521 1857 non
533 1820 563 1856 ita
574 1819 635 1857 facile
647 1818 772 1868 poenitentis
784 1817 926 1867 ignorantiam

121 1882 194 1919 credas
206 1894 294 1931 prorsus
306 1882 445 1930 inculpatam,
458 1887 479 1918 et
490 1881 510 1917 in
522 1880 582 1929 praxi
594 1893 612 1917 e.
625 1893 645 1930 g.
659 1892 704 1917 cum
717 1878 879 1921 adolescentulo,
893 1877 927 1926 qui

120 1955 166 1980 cum
178 1943 298 1993 ignorantia
309 1943 399 1979 tactibus
412 1942 522 1979 obscoenis
535 1953 557 1977 se
569 1941 649 1989 polluit,
663 1952 686 1976 eo
700 1939 803 1989 agendum
815 1945 847 1974 est
859 1938 926 1982 modo,
948 1951 950 1954 ’

120 2015 158 2053 quo
171 2004 195 2040 alr
208 2004 262 2040 omni
274 2003 333 2052 eulpa
345 2015 391 2039 eum
403 2003 513 2039 imnurnem
525 2001 560 2037 vix
571 2000 655 2037 habeas.
667 2002 766 2036 Fortasse
779 1999 799 2035 ei
809 1999 877 2035 lunren
890 1998 926 2035 ali-

120 2065 171 2114 quod
185 2065 269 2101 adfulsit
281 2064 336 2108 mali,
348 2064 401 2113 quod
412 2063 515 2112 patrabat,
528 2062 619 2099 fortasse
632 2062 702 2111 fulgor
715 2060 759 2108 ejus
770 2060 861 2104 luminis,
874 2059 927 2108 quod

120 2125 191 2162 effudit
202 2126 260 2162 Deus
272 2125 292 2161 in
305 2125 407 2161 mentibus
420 2124 506 2167 nostris,
519 2134 566 2159 sese
578 2122 608 2158 illi
619 2121 725 2170 patefecit,
745 2120 821 2168 etipse
833 2132 873 2157 non
892 2119 926 2156 ad·

119 2187 183 2223 vertit
195 2186 291 2230 animum,
304 2192 327 2222 ut
338 2185 436 2230 dehehat3
456 2184 509 2234 quod
521 2195 591 2220 omnes
603 2183 660 2219 illius
678 2181 789 2230 scrupulos
808 2180 925 2218 suffocavit.

120 2247 142 2284 S.
154 2248 286 2298 Augustinus
297 2246 406 2297 Pelagium
418 2245 537 2296 redarguit,
556 2244 609 2293 quod
621 2250 701 2281 temere
714 2242 811 2286 docebat,
831 2240 927 2290 quidquid

119 2320 155 2357 per
167 2308 307 2359 ignorantiam
320 2307 363 2352 fiat,
376 2308 435 2356 culpa
448 2318 535 2344 carere:
555 2304 665 2343 „Humana
678 2303 777 2353 superbia
788 2313 926 2351 praesumens

120 2369 143 2406 de
157 2370 237 2408 viribus
255 2369 317 2407 liberi
332 2369 415 2407 arbitrii
433 2373 554 2406 excusatam
569 2379 592 2403 se
608 2372 676 2415 putat,
695 2364 774 2416 qnando
792 2363 926 2415 ignorantiae

120 2437 159 2477 est,
171 2445 210 2469 uon
221 2432 341 2476 voluntatis,
354 2430 407 2481 quod
419 2429 504 2479 peccat³³
513 2426 538 2477 ¹).
551 2428 633 2465 Etenim
646 2427 691 2477 quis
703 2427 751 2471 seit,
770 2431 839 2464 utrum
851 2436 927 2463 revera

120 2491 169 2529 nihil
180 2493 304 2530 intentatum
316 2492 432 2542 reliquerit,
444 2497 467 2528 ut
477 2491 516 2528 hoc
529 2489 577 2526 mali
590 2489 697 2526 evitaret?
717 2487 816 2536 Quisnam
828 2493 886 2523 tanta
896 2486 927 2523 uti

118 2559 188 2603 potest
202 2553 311 2605 diligentia
325 2553 369 2590 sine
383 2553 465 2604 gratiae
484 2550 592 2588 subsidio?
609 2552 661 2587 Eam
677 2561 738 2594 vero,
757 2547 857 2598 quomodo
874 2547 926 2584 ohti-

119 2621 168 2652 neat
179 2616 249 2661 aDeo,
262 2616 280 2653 si
292 2616 355 2653 aDeo
364 2621 435 2664 petere
448 2613 560 2665 negligat?
573 2613 615 2648 Tot
626 2610 739 2656 sacrificia,
751 2622 803 2659 quae
815 2609 856 2646 Dei
863 2608 926 2657 jussu

117 2677 138 2715 in
153 2677 213 2728 Lege
228 2677 304 2715 Veteri
318 2676 460 2715 offerebantur
477 2675 502 2712 ad
519 2673 652 2726 ignorantiae
670 2678 757 2722 peccata
772 2670 882 2720 expianda,
897 2690 927 2697 —-

118 2746 148 2779 tot
160 2751 236 2790 preces
253 2740 273 2777 in
290 2739 376 2790 psalmis
388 2738 491 2788 repetitae
510 2737 534 2774 ad
546 2735 698 2786 impetrandam
714 2733 825 2783 cujuslibet
840 2733 926 2783 generis

143 2877 159 2917 ¹)
168 2874 231 2919 Epist.
243 2874 284 2908 lon.
