2056 3193
121 76 164 118 168

116 191 177 244 jugio
191 191 331 231 contrahendo
344 190 455 229 renuntiet.
474 188 545 239 Quoad
562 190 646 230 tertiam
662 192 804 243 quaestionem
818 190 926 242 jusjuran-

121 255 168 294 dum
181 256 263 293 nonnisi
275 267 299 292 ex
311 254 373 304 graui
387 254 468 292 ratione
482 254 616 299 conceditur,
630 254 704 303 jurare
717 267 742 292 ex
755 267 818 292 causa
837 266 926 305 quacun-

122 330 160 367 que
173 317 227 354 futili
238 318 291 354 idem
303 322 374 361 esset,
394 328 418 354 ae
430 316 558 366 vilipendere
570 323 611 353 tam
624 323 719 354 sanctum
730 316 838 367 religionis
851 322 926 354 actum.

122 379 225 416 utonenda
235 377 302 428 igitur
318 384 351 414 est
362 378 484 426 poenitens,
501 391 526 415 ue
541 389 629 426 unquam
642 377 667 414 ol)
679 383 843 414 momentaneam
862 377 928 413 zelosi

123 439 210 475 amantis
224 438 354 474 voluntatem
371 438 391 473 in
400 437 546 484 jusjurandum
563 437 692 481 consentiat,
711 437 752 473 etsi
764 438 823 473 salva
836 437 927 473 veritate

122 503 231 546 praestare
244 497 282 533 hoc
294 497 372 544 possit,
390 502 413 532 ut
424 503 535 544 praeterea
550 507 626 544 sponso
639 503 739 544 oportuna
752 496 862 533 occasione
881 496 928 533 data

122 556 255 592 manifestum
270 555 355 599 reddat,
372 567 394 591 se
414 556 438 592 ob
453 554 592 603 jurisjurandi
610 556 737 606 gravitatem
756 562 776 592 et
794 555 927 593 sanctitatem

118 616 193 664 jurare
206 628 245 653 uon
258 615 364 660 debuisse,
377 628 415 652 1111
434 615 473 652 sibi
491 616 617 653 confessarii
628 616 732 654 sententia
752 616 837 653 edoctae
854 616 874 652 in
892 627 928 664 po-

122 684 202 717 sterum
217 678 295 717 licitum
311 689 358 716 esse
374 677 451 729 parlin
464 689 528 716 eausa
539 678 621 729 jurare.
634 679 656 717 In
669 677 707 717 lroc
723 678 767 731 ipso
779 690 830 717 vero
843 690 867 716 ea
880 690 927 717 cau·

123 743 178 780 tione
190 748 298 788 versetur,
317 747 340 779 ut
351 754 416 779 novae
429 741 544 790 suspicioni
556 742 654 780 oriundae
668 743 733 780 omnis
745 742 804 780 locus
819 742 928 779 adimatur.

195 800 221 851 3]
234 803 290 841 Uxor
303 816 314 841 a
325 803 400 841 marito
412 803 533 841 moribundo
551 810 653 855 rogatur,
668 811 691 842 ut
708 803 845 853 jurejurando
863 803 928 841 inter-

122 865 190 915 posito
212 865 330 914 promittat,
350 877 372 901 se
391 864 416 901 ad
429 865 480 901 alias
499 866 581 914 nuptias
599 866 644 914 ipso
666 865 762 904 defulrcto
781 877 820 902 non
843 865 929 914 amplius

122 926 261 963 transituram
274 938 327 962 esse.
336 925 534 974 Assentitpetitioni
542 926 617 963 emisso
629 926 650 963 in
663 926 718 963 huuc
729 927 790 963 finem
801 925 928 973 juramento.

123 987 172 1023 Jam
184 986 207 1022 de
220 985 284 1022 111511
297 986 428 1023 confessione
441 997 464 1021 se
476 992 568 1023 accusat.
588 985 651 1033 Quid,
664 987 682 1022 si
694 986 732 1023 hoc
744 997 783 1022 non
796 985 892 1022 obstante
905 985 930 1021 ad

123 1057 188 1081 novas
204 1046 286 1092 nuptias
302 1044 429 1080 transierit?
448 1045 505 1092 quid,
524 1046 542 1080 si
561 1052 670 1092 antequam
688 1046 744 1082 ineat
766 1044 929 1087 inatrimonium,

124 1104 276 1141 confessarium
296 1103 404 1141 consulat?
423 1103 483 1152 quid,
499 1103 518 1140 si
526 1103 667 1152 jairiatertio
679 1104 767 1155 gravida
779 1104 823 1141 sit?
842 1103 899 1152 quid,
913 1103 931 1140 si

124 1165 148 1202 oh
162 1164 229 1202 datam
242 1164 312 1209 fidem,
325 1177 347 1202 se
360 1176 399 1201 non
412 1164 499 1214 amplius
512 1165 573 1202 alteri
584 1171 702 1215 nupturam,
714 1165 790 1203 haeres
802 1165 866 1203 totius
882 1164 930 1202 suh·

124 1227 214 1266 stantiae
227 1227 319 1267 defuncti
332 1227 411 1279 scripta
423 1227 504 1266 luerit?

197 1293 260 1341 Resp.
272 1292 416 1330 Poenitentem
429 1291 481 1329 lianc
490 1293 616 1344 culpagravi
623 1293 773 1331 conscientiam
779 1305 837 1330 suam
845 1304 931 1330 oneras-

125 1366 148 1391 se
163 1366 194 1398 eo,
208 1355 259 1402 quod
272 1354 348 1391 emisso
364 1354 496 1391 nihilominus
505 1353 642 1402 jurejurando
658 1355 719 1391 alteri
731 1354 832 1403 nupserit,
850 1360 931 1392 certum

126 1421 167 1460 est3
181 1427 244 1464 quare
261 1415 279 1451 si
294 1420 341 1452 aute
353 1414 507 1452 matrimonium
519 1415 682 1453 contrahendum
702 1415 810 1453 eonsilium
826 1428 837 1452 a
850 1414 931 1452 confes·

126 1475 182 1513 sario
196 1475 288 1526 expetit,
305 1476 385 1513 moneri
397 1476 457 1515 debet
469 1475 493 1515 de
501 1476 617 1525 juramenti
629 1476 763 1528 obligatione.
777 1478 816 1515 Ast
828 1476 863 1514 uhi
874 1476 931 1514 salus

124 1537 249 1586 poenitentis
261 1537 429 1586 periclitaretur,
449 1545 550 1585 quatenus
563 1539 675 1576 timendum
689 1545 755 1582 esset,
775 1538 883 1587 quominus
898 1549 931 1574 ca·

125 1598 309 1634 stimoniamvitae
328 1605 439 1635 servatura
454 1597 523 1641 foret,
545 1599 658 1636 cedendum
674 1604 716 1641 est,
734 1604 757 1634 ut
778 1598 932 1646 dispensatione

126 1663 212 1704 accepta
226 1657 380 1692 matrimonium
397 1657 451 1693 inire
463 1657 543 1703 possit;
561 1658 613 1705 quod
626 1669 676 1694 casu
687 1658 769 1705 posito,
787 1668 825 1705 quo
844 1655 932 1705 gravida

121 1715 164 1763 jam
184 1721 228 1760 est,
246 1716 279 1752 vel
297 1715 386 1753 suadere
404 1721 492 1765 oportet.
513 1715 584 1764 Quoad
602 1715 752 1754 haereditatem
764 1728 814 1753 vero
833 1715 871 1753 sub
884 1726 931 1754 con·

126 1776 201 1813 ditione
214 1777 328 1821 obtentam,
341 1776 365 1814 ad
377 1777 531 1815 restitutionem
544 1785 634 1816 tenet-ur.
652 1784 653 1787 ’

198 1840 263 1880 Plura
274 1840 320 1880 vide
331 1839 387 1880 iufra
399 1840 423 1880 de
435 1841 569 1882 restitutione
582 1842 606 1882 ob
618 1842 716 1894 injustam
728 1842 849 1882 laesionem.

394 2001 578 2072 Caput
620 2002 672 2058 ΙΙ.

125 2139 165 2186 Do
172 2139 313 2203 prirocipiis
324 2139 484 2204 penorala'bos
499 2141 569 2188 circo
583 2142 752 2189 coratrt'tt'oaem
765 2139 932 2189 observandis.

468 2271 584 2323 Contritio.

200 2391 218 2444 ξ.
232 2388 283 2444 tlss.
297 2392 399 2430 Contritio
412 2401 445 2432 est
456 2392 505 2443 pars
519 2394 653 2433 Sacramenti
663 2396 807 2433 Poenitentiae
822 2396 935 2447 praecipua

128 2461 148 2493 et
160 2456 248 2495 omnium
262 2455 348 2495 niarime
361 2457 497 2506 necessaria,
514 2465 586 2511 utpote
598 2471 638 2511 qua
652 2458 761 2499 deficiente
774 2459 935 2500 Sacramentum

127 2519 170 2557 vita
189 2520 242 2558 omui
255 2533 278 2559 ac
290 2521 368 2560 uirtute
381 2522 515 2569 destituitur,
532 2524 590 2562 velut
609 2536 685 2573 corpus
701 2524 782 2563 sublato
795 2524 877 2574 spiritu.
896 2525 936 2561 Est

128 2588 196 2619 autem
212 2584 319 2628 contritio,
339 2591 361 2622 ut
373 2585 497 2623 Tridentino
509 2586 599 2634 synodus
612 2585 682 2631 docet,
700 2586 845 2639 „anit-aridolor
864 2586 935 2640 acde-

128 2644 212 2695 testatio
226 2644 249 2682 de
267 2652 354 2701 peccato
368 2648 478 2700 commisso
498 2660 544 2687 cum
556 2648 663 2698 proposito
676 2661 715 2687 uon
727 2648 829 2699 peccandi
840 2648 867 2697 de,
880 2638 935 2701 cete-

127 2719 152 2758 ro
158 2705 183 2752 3’Z
193 2705 265 2743 deinde
283 2699 484 2756 paucis'iriterjeetis
497 2706 637 2748 definitionem
650 2708 732 2748 allatam
745 2709 851 2759 explicans
870 2717 890 2748 et
902 2722 935 2747 ar-

117 2761 330 2818 1’ς11111111151111111115
348 2770 377 2806 ita
392 2770 464 2820 pergit
471 2768 500 2816 ¹]ss
516 2772 635 2822 >„Declarat
649 2770 716 2821 igitur
734 2777 807 2808 sancta
826 2771 935 2818 Synodus,

152 2900 167 2937 1)
178 2898 234 2929 Sess.
244 2897 296 2929 XIV.
307 2905 348 2939 cap.
358 2898 375 2929 1.
