2056 3193
150 121 179 163 66

150 235 219 288 puella
231 240 277 287 post
289 243 362 272 aunum
371 228 513 270 duodecimum
525 230 639 283 impletum,
658 232 791 274 commissum
804 232 874 275 fuerit.
892 231 953 272 Ratio

151 301 233 337 illorum
241 310 279 335 non
292 298 334 339 est)
343 296 396 344 quod
405 308 429 333 ea
442 302 500 333 aetas
512 296 536 333 ad
548 295 713 334 reservationem
726 299 820 337 absolute
832 297 954 337 necessaria

152 360 191 402 sit,
211 358 246 393 sed
264 356 311 403 quia
325 356 371 403 plus
392 356 534 405 indulgentiae
550 361 643 390 meretur
657 362 715 391 aetas
727 357 780 394 levis
792 366 813 395 et
830 360 953 400 immatura,

151 430 201 468 quae
213 416 246 452 vix
263 414 316 451 satis
335 415 461 468 gravitatem
472 413 553 464 peccati
567 414 684 463 ponderare
696 421 772 463 potest.
791 417 871 456 Verum
884 429 952 469 quern-

151 479 257 519 admodum
268 478 354 518 evenire
366 478 455 531 poterit,
467 484 489 516 ut
500 477 618 516 reservatio
631 483 699 516 stante
714 478 823 529 pubertate
838 495 878 521 uon
887 481 953 527 adsit,

150 543 167 578 si
182 542 279 578 nimirum
297 542 380 579 interna
398 547 456 578 actus
472 540 563 583 malitia,
581 539 647 588 'qualis
666 553 685 577 n.
706 537 728 584 1,
747 543 877 589 requiritur,
898 544 954 580 defu-

149 600 198 643 erit,
211 599 499 649 5101011101111111111111101111,
516 611 554 647 quo
567 599 634 635 minus
645 600 763 635 reservatio
782 601 850 637 locum
866 602 954 646 habeat,

148 660 229 700 11001111
251 661 362 714 pubertate
374 665 478 713 patratum
491 659 531 707 sit,
549 659 622 712 quippe
642 661 721 713 quando
745 666 854 713 peccatum
874 675 899 702 ex
917 676 953 717 ge·

148 737 199 763 nere
212 732 233 764 et
248 739 273 764 ex
286 726 367 777 agentis
382 726 487 762 voluntate
500 724 595 775 graviter
607 726 661 762 mala
680 726 767 763 mortale
793 725 864 763 fuerit.
885 726 954 774 Quare

149 792 208 822 aetas
220 787 285 834 pubes
296 798 333 833 per
345 797 419 821 senon
434 785 550 832 requiritur
563 785 587 820 ad
598 785 737 821 ineurreudos
750 797 811 821 casus
823 793 954 829 reservatos,

149 845 190 882 nisi
201 857 238 895 per
252 856 372 894 expressam
381 849 416 880 aut
427 843 513 880 tacitam
521 844 649 881 voluntatem
659 844 797 881 reservantis.

223 909 311 948 Praeter
322 907 360 947 bas
372 907 490 947 recensitas
507 906 649 954 conditiones,
668 907 741 959 quibus
750 907 852 958 judicium
872 907 953 963 0011105-

150 972 202 1008 sarii
220 972 336 1021 dirigatur,
354 983 401 1007 num
412 976 521 1018 peecatum
533 971 570 1006 sub
586 972 633 1020 lege
647 972 802 1008 reservationis
823 971 954 1008 contineatur

149 1042 188 1067 nec
200 1042 232 1073 ne,
245 1031 319 1079 regula
330 1030 517 1078 valet-universim,
530 1030 708 1077 quadreservatio
717 1031 745 1066 sit
752 1030 814 1076 juxta
827 1042 954 1066 comruunem

146 1089 202 1141 juris
210 1090 305 1144 regulam
313 1089 400 1128 strictae
408 1089 596 1141 interpretationis,
610 1089 697 1142 quiares
706 1096 739 1128 est
746 1090 818 1128 odiosa
826 1096 846 1128 et
854 1089 953 1142 poenalis.

150 1154 204 1203 Hinc
218 1155 238 1192 in
253 1155 340 1192 urateria
354 1154 507 1192 reservationis
520 1154 629 1192 favendum
642 1155 769 1205 poenitenti,
783 1161 881 1205 quantum
896 1155 954 1193 salva

149 1217 260 1252 verborum
271 1216 399 1263 proprietate
407 1221 484 1263 potcst3
496 1215 640 1265 restringatur
656 1216 724 1252 odium
732 1217 892 1259 reservationis,
906 1229 953 1264 qua-

150 1280 209 1311 tenus
217 1274 268 1311 haec
276 1275 378 1311 strictiori
386 1286 449 1311 seusu
457 1274 548 1324 intelligi
554 1273 645 1322 potest¹]
653 1289 659 1319 ;
668 1286 707 1311 non
715 1275 772 1311 valet
779 1275 799 1310 in
807 1275 954 1311 reservatione

150 1341 294 1390 argumentum
307 1349 318 1376 a
329 1335 420 1384 fortiori,
432 1349 451 1376 1.
460 1350 480 1391 g.
490 1335 578 1376 51100110
586 1335 692 1376 ,librorum
704 1335 874 1376 Calvinianorum
885 1334 954 1388 prohi-

149 1400 192 1437 bita
204 1406 249 1445 est,
268 1413 319 1451 ergo
332 1401 394 1438 multo
407 1401 476 1451 magis
489 1401 565 1437 auditio
577 1401 740 1450 praedicationis
757 1401 903 1445 Calvinianae;
919 1412 954 1449 po-

149 1461 200 1496 terit
210 1461 259 1502 illa,
275 1472 315 1495 11011
327 1461 376 1496 110111
388 1460 440 1497 haec
452 1460 566 1507 prohiberi.
578 1461 618 1496 His
630 1462 754 1507 praemissis
766 1461 828 1497 facile
847 1460 954 1508 intelliges

149 1518 279 1564 versiculos,
293 1519 365 1570 quibus
377 1519 442 1569 prisci
454 1519 562 1556 doctrinae
575 1519 661 1556 moralis
670 1520 769 1572 magistri
776 1518 905 1557 conditiones
921 1530 954 1556 ca·

150 1595 209 1622 suum
221 1590 377 1623 reservatorum
390 1583 602 1635 comprehenderunt:

224 1646 365 1694 Completum,
378 1653 497 1689 externum,
510 1653 604 1690 eertum,
617 1648 719 1692 mortale,
732 1647 817 1683 favores

222 1707 296 1754 Auge,
308 1706 416 1755 restringe
429 1706 485 1749 odia,
499 1717 510 1740 a
522 1706 598 1752 potiori
610 1706 664 1741 ratio
677 1707 733 1741 nulla
746 1712 784 1741 est.

223 1764 269 1804 blas
282 1777 346 1804 annos
358 1764 434 1805 lrabeat
444 1766 476 1805 bis
490 1771 583 1818 septem,
600 1765 691 1805 foemina
702 1765 734 1805 bis
747 1777 791 1804 sex.

225 1829 287 1868 Solvo
299 1831 433 1877 mandantes,
451 1830 530 1882 quando
543 1844 582 1869 non
591 1832 641 1881 jura
653 1837 772 1869 reservant.

345 1947 419 1999 Casus
434 1962 519 1999 sumum
533 1947 633 1999 Pontifici
648 1948 765 1999 reservati.

224 2074 242 2128 ξ.
254 2073 289 2115 41.
306 2078 470 2116 Reservatioues
482 2079 601 2128 pontificiae
613 2079 648 2115 vix
660 2090 700 2115 non
713 2089 783 2115 ornnes
797 2089 897 2115 annexam
916 2076 955 2114 sibi

151 2136 227 2172 habent
240 2149 359 2182 censuram,
377 2140 407 2175 ita
418 2145 441 2174 ut
453 2140 535 2176 directe
548 2146 568 2175 et
576 2139 735 2188 principaliter
744 2139 788 2174 sola
798 2150 864 2185 poena
875 2149 955 2173 summo

150 2194 248 2232 Pontifici
265 2203 398 2242 reservetur,
415 2203 525 2246 peccatum
543 2209 594 2234 vero
615 2198 721 2234 indirecte
745 2202 835 2241 tantum,
853 2202 955 2246 quatenus

151 2255 257 2308 poenitens
270 2257 293 2299 ab
305 2257 340 2299 illo
354 2258 433 2300 absolvi
444 2259 528 2313 nequit,
545 2259 586 2300 nisi
598 2258 792 2307 excomnmnicatio,
810 2271 870 2312 quam
885 2257 955 2298 incur·

151 2321 192 2365 rit,
209 2322 266 2371 prius
285 2324 366 2362 sublata
385 2325 418 2362 sit.
431 2327 507 2362 Exstat
524 2332 593 2362 taruen
607 2326 722 2374 exemplum
735 2323 889 2361 reservationis
907 2334 955 2371 pon-

151 2381 235 2425 tificiae,
249 2384 324 2431 absque
333 2385 401 2422 addita
413 2398 510 2429 censura,
523 2398 596 2433 nempe
603 2386 732 2437 ealunuriae,
745 2397 785 2433 qua
801 2385 846 2432 quis
858 2384 956 2419 iunocen-

151 2445 192 2474 tem
202 2441 331 2478 sacerdotem
339 2444 363 2480 de
372 2444 521 2481 sollicitatione
534 2444 559 2480 ad
571 2431 753 2493 11111111111111110
772 2441 872 2479 tribunali
887 2440 955 2484 facta,

151 2499 203 2541 falso
217 2510 302 2544 accusat
318 2505 337 2556 1.
349 2505 508 2560 —Requiritur
520 2519 570 2546 vero
587 2505 610 2547 ad
619 2505 766 2548 incurrendam
780 2515 889 2546 censuram
899 2498 922 2553 a]
932 2515 956 2543 ex

149 2572 210 2615 parte
223 2566 357 2617 delinquentis
366 2572 434 2621 aliqua
442 2573 517 2609 saltem
529 2574 621 2620 0011111110
631 2572 693 2609 illius.
706 2572 776 2609 Poena
794 2569 877 2607 scilicet
889 2567 955 2606 00010-

148 2627 237 2664 siastica
257 2628 416 2668 inobedientiam
433 2633 583 2680 praesupponit
603 2639 623 2668 et
641 2632 807 2673 contumaciam,
832 2628 898 2676 quatis
916 2641 955 2665 non

148 2691 248 2723 censetur
261 2687 334 2722 adesse
346 2689 367 2723 in
379 2701 413 2733 00,
432 2692 466 2739 qui
478 2702 591 2727 censuram
603 2702 640 2726 suo
656 2691 732 2727 delicto
745 2699 847 2724 annexam
859 2688 954 2723 nescivit.

146 2746 208 2788 Aliud
220 2746 244 2787 de
256 2746 416 2803 irregularitate
429 2751 520 2801 obtinet,
538 2765 575 2806 per
588 2764 649 2806 quam
661 2751 707 2806 quis
720 2762 745 2791 ex
765 2747 829 2791 certis
847 2747 881 2788 101
899 2748 955 2790 defe-

171 2897 186 2939 1)
195 2897 244 2938 Reg.
252 2897 291 2937 jur.
304 2898 333 2929 15.
343 2896 361 2928 in
370 2897 405 2929 vl:
417 2897 464 2930 Odia
472 2900 564 2941 restringi
574 2904 593 2933 et
602 2900 682 2932 favores
693 2896 782 2930 convenit
791 2897 883 2938 ampliari.
893 2898 909 2940 2)
919 2899 956 2931 Βο-

194 2944 265 2977 nediot.
275 2944 327 2976 xiv.
337 2942 414 2975 Corsa:
425 2944 608 2980 sacramentum
617 2944 797 2980 poenitentiae.
