2017 3193
873 126 914 171 tot

108 244 209 282 scientiae
221 242 345 288 adhibenda,
362 244 428 293 qualis
444 244 581 280 communiter
591 245 646 281 inter
662 243 758 281 homines
769 241 883 291 prudentes
895 241 915 277 in

108 317 132 343 re
144 304 201 343 seria
213 309 234 341 et
246 315 296 354 quae
308 305 393 343 multum
406 303 465 343 cordi
477 308 522 358 est,
538 315 576 352 pro
588 304 643 341 illius
655 305 761 356 gravitate
777 301 871 340 adhiberi
883 314 916 339 so-

108 367 150 410 let,
168 377 192 403 ac
202 365 263 414 proin
275 376 315 402 non
326 366 441 416 requiritur
456 363 518 401 anxia
528 363 562 400 vel
574 376 667 409 summa,
679 364 816 403 strictissima
831 369 852 401 et
867 374 915 400 exa·

110 426 204 464 ctissima
216 425 325 464 discussio.

183 483 203 525 2.
222 486 306 524 Certum
319 494 364 533 est,
376 487 429 524 hanc
442 485 571 535 diligentiam
582 496 623 521 non
634 484 713 532 requiri
724 487 829 535 aequalem
841 486 861 522 in
875 497 917 522 om-

109 547 169 585 nibus
177 562 182 592 ;
199 547 308 596 plurimum
321 549 374 584 enim
388 547 491 589 interest,
510 546 532 591 a]
546 544 604 592 eujus
619 543 743 581 conditionis
761 547 789 582 sit
799 546 917 595 poenitens,

110 619 162 658 quae
175 614 195 645 et
207 609 277 657 quales
288 609 320 645 illi
332 607 472 658 obligationes
483 605 616 648 incumbant,
630 605 702 654 quibus
714 606 813 654 perieulis
821 614 841 644 et
856 619 917 645 occa·

110 667 203 706 sionibus
215 668 243 706 sit
254 669 374 718 expositus3
386 667 411 713 b]
425 672 446 703 et
458 672 554 716 quantum
566 665 667 714 temporis
680 677 691 701 a
708 665 824 715 praeterita
836 668 917 704 confes-

110 729 169 767 sione
182 730 295 768 efssuxerit.
307 728 378 766 Minus
390 727 444 764 enim
457 727 578 778 diligentiae
590 726 704 776 requiritur
721 726 742 763 in
755 726 838 763 homine
851 728 917 765 Deum

110 790 208 836 timente,
221 803 280 840 quam
291 790 312 827 in
323 789 413 833 vitioso;
425 789 505 837 pariter
518 789 552 838 qui
562 788 684 838 frequenter
695 799 714 824 v.
728 800 749 837 g.
762 788 851 837 singulis
868 787 916 825 heb·

111 851 230 889 domadibus
242 849 367 894 confitetur,
383 848 477 886 breviori
494 854 588 898 tempore
601 860 651 897 opus
667 846 751 886 habehit
765 847 789 885 ad
808 847 919 886 discutien-

110 912 156 950 dam
169 911 333 955 conscientiam,
351 922 411 961 quam
423 909 457 960 qui
469 910 564 948 omnibus
576 908 677 959 peccandi
688 909 788 959 periculis
801 909 919 960 exponitur,

112 971 168 1012 etad
180 986 264 1012 menses
277 979 297 1010 et
310 984 385 1010 annum
397 971 551 1010 confessionem
565 971 651 1010 distulit.

185 1032 205 1074 3.
219 1034 243 1073 Si
256 1034 400 1074 confessarius
413 1046 438 1071 ex
450 1033 509 1071 modo
523 1033 635 1072 confitendi
646 1033 678 1071 vel
698 1033 777 1071 aliunde
791 1033 920 1072 animadver-

111 1104 155 1143 tat,
172 1097 313 1147 poenitentem
332 1108 371 1134 non
391 1096 443 1133 satis
463 1095 613 1134 conscientiam
632 1096 777 1141 examinasse,
795 1101 882 1141 caveat,
899 1101 921 1133 ut

112 1171 158 1197 eum
169 1164 282 1208 propterea
300 1158 345 1195 sine
358 1157 488 1196 absolutione
507 1157 610 1203 dimittat,
628 1158 665 1195 sed
677 1157 760 1206 adjuvet
771 1169 808 1195 sua
819 1157 922 1195 industria

112 1221 194 1270 ipsum,
211 1226 272 1270 atque
291 1213 412 1269 opportunis
425 1218 581 1270 quaestionibus
596 1219 699 1257 defectum
712 1220 818 1268 suppleat,
835 1225 922 1269 paterno

112 1288 182 1320 tamen
194 1282 271 1320 affectu
283 1281 408 1325 admonenS,
425 1281 479 1318 utin
491 1287 598 1331 posterum
611 1280 761 1318 conscientiam
776 1293 835 1318 sitam
846 1281 921 1318 melius

114 1343 233 1381 examinare
246 1349 338 1381 conetur.

187 1401 208 1443 4.
222 1403 320 1453 Quamvis
331 1397 445 1455 integritas
458 1403 598 1441 confessionis
616 1405 739 1442 necessario
751 1404 880 1454 requiritur,
898 1403 921 1440 il-

113 1469 180 1505 lorum
186 1472 255 1504 tamen
264 1466 435 1516 scrupuloscrum
443 1465 585 1503 conscientiae
593 1464 746 1503 discussionem
755 1477 795 1503 non
802 1465 922 1514 probamus,

115 1529 147 1577 qui
165 1527 248 1565 nonnisi
266 1527 290 1564 de
308 1526 390 1576 prolixa
401 1533 536 1575 peccatorum
553 1538 638 1564 suorum
653 1526 784 1575 expositione
795 1526 881 1564 solliciti
899 1526 922 1563 ad

114 1588 214 1626 amussim
225 1600 305 1638 usque,
321 1588 342 1625 in
355 1600 379 1625 ea
391 1594 458 1625 autem
477 1593 542 1625 totam
554 1587 688 1625 Sacramenti
699 1588 799 1625 virtutem
813 1588 922 1625 collocant.

116 1648 169 1711 „ssiri
180 1655 268 1698 peccata
280 1660 318 1685 sua
330 1649 433 1693 occultat,
451 1655 472 1686 et
484 1648 592 1686 erubescit
604 1647 717 1686 salubriter
730 1648 832 1698 confiteri.
847 1649 923 1698 Deum,

102 1699 638 1768 711111111131111111111111Βὲ11111,Β1Β1Β111111111111111Μ)
651 1708 868 1746 Verummemores
851 1721 923 1748 simus

116 1763 199 1820 quodS
212 1755 332 1821 Gregorius
344 1770 373 1807 Μ.
381 1759 456 1807 docet:
459 1760 575 1820 „Signum
587 1781 651 1807 verae
663 1769 803 1807 confessionis
811 1781 850 1806 non
860 1775 893 1807 est
904 1780 924 1806 m

115 1830 159 1867 oris
171 1829 316 1874 confessione,
334 1830 402 1867 sedin
415 1830 529 1868 afflictione
543 1830 704 1880 poenitentiae?

206 1946 331 2000 tlbstaoula
344 1947 499 2016 integritatem
513 1946 667 2000 consessionis
681 1947 832 2017 impedientia.

190 2072 208 2126 ᾖ,
222 2068 257 2110 73.
269 2072 358 2110 Praeter
375 2073 518 2124 ignorantiam
530 2074 680 2125 religiosarum
691 2073 804 2112 veritatum
823 2079 845 2111 et
857 2079 926 2111 status

116 2134 148 2173 sui
166 2134 232 2183 ipsius
249 2134 340 2179 interni,
359 2134 480 2180 obstacula,
498 2147 549 2185 quae
567 2135 712 2186 integritatem
731 2134 870 2173 confessionis
888 2135 925 2173 im-

115 2194 214 2246 pediunt,
225 2195 339 2245 praecipua
350 2203 500 2234 numerantur:
514 2193 539 2244 i]
552 2196 691 2249 Negligentia
701 2196 722 2234 in
736 2196 866 2235 conscientia
878 2208 926 2234 exa·

116 2258 225 2301 minanda,
242 2253 268 2305 2)
281 2257 417 2296 Verecundia
429 2265 450 2297 et
460 2259 536 2308 pudor,
555 2255 580 2306 3]
594 2259 667 2297 Timor
678 2258 833 2308 poenitentiae,
850 2255 877 2306 4)
890 2258 925 2296 Τί-

116 2331 162 2359 mor
174 2318 272 2358 infamiae
281 2318 332 2370 apud
341 2319 494 2358 confessarium
506 2319 659 2366 incurrendae,
676 2316 702 2369 5)
714 2320 836 2359 Diffidcntia
854 2327 875 2359 et
892 2319 926 2358 de-

117 2382 209 2435 speratio
221 2382 304 2433 peccati
314 2381 403 2428 vitandi,
416 2379 442 2432 6)
454 2383 575 2423 Pertinacia
588 2390 608 2422 et
620 2383 731 2422 obstinatio
744 2383 843 2435 quaedam
851 2383 872 2422 in
881 2383 926 2423 odio

119 2457 171 2498 erga
182 2444 288 2484 inimicum
303 2451 410 2496 concepto.
428 2445 476 2484 Jam
495 2445 519 2483 ad
537 2444 589 2484 haec
602 2445 710 2484 obstacula
725 2447 852 2485 removenda
867 2446 927 2496 juva·

117 2508 157 2552 bit,
175 2507 297 2558 etquidem:

191 2568 222 2608 Ad
236 2565 254 2607 1.
269 2568 293 2607 Si
305 2570 401 2611 ostendat
413 2570 557 2609 confessarius
569 2573 592 2618 a]
605 2570 731 2623 gravitatem
743 2569 805 2620 hujus
817 2570 927 2622 negligen-

118 2631 173 2676 tiae,
190 2637 212 2669 ut
225 2642 276 2681 quae
287 2643 328 2669 non
339 2631 407 2669 minus
420 2632 484 2677 facit,
501 2639 525 2670 ut
537 2632 642 2671 confessio
661 2632 688 2671 sit
699 2631 762 2670 irrita
774 2638 794 2671 et
813 2632 928 2683 sacrilega,

119 2702 143 2729 ac
157 2692 175 2730 si
187 2692 302 2731 deliberate
314 2699 335 2731 et
353 2693 445 2732 scienter
466 2694 567 2732 confitens
585 2701 694 2745 peccatum
713 2694 795 2745 aliquod
806 2694 927 2738 omisisset3

118 2751 144 2797 b]
156 2754 265 2792 stultitiam
285 2753 346 2804 hujus
358 2755 515 2807 negligentiae,
533 2756 579 2794 dum
598 2756 753 2794 aconfessario
769 2755 850 2794 absolvi
868 2767 926 2793 sana-

119 2811 178 2861 rique
189 2815 255 2863 petit‚
273 2822 305 2854 ast
320 2822 408 2866 peccata
419 2829 458 2855 sua
469 2816 549 2864 eidem,
566 2823 627 2867 prout
639 2829 690 2867 opus
709 2824 755 2863 est,
772 2830 812 2855 non
831 2814 927 2866 exponit;

147 2943 160 2988 ¹)
170 2946 219 2988 Aug·
229 2948 292 2981 Serm.
303 2951 333 2982 66.
344 2950 367 2983 de
377 2953 434 2991 temp.
