2017 3193
882 116 927 160 263

121 231 218 279 Caecus,
236 228 269 278 qui
284 233 304 266 te
322 240 361 267 non
379 230 498 283 cognoscis,
514 243 600 281 puruper
611 231 722 276 virtutum,
739 230 814 269 rttulus
825 230 927 267 bonorum

119 303 211 343 operum,
224 289 325 340 gravibus
336 303 386 329 vero
399 291 465 340 culpis
477 292 617 329 nztseradtlts
631 291 683 340 Quid
694 293 761 343 igitur
773 291 887 340 superbis?

191 351 311 389 llleminerit
322 353 391 399 etiam,
404 351 457 402 [prod
469 351 511 396 alii,
525 352 597 401 quibus
613 364 635 389 se
649 353 764 403 anteponit,
782 351 874 402 praediti
886 351 927 388 sint

119 413 166 452 aliis
178 412 237 450 donis
249 419 269 451 et
280 413 400 459 virtutibus,
416 424 467 463 quas
478 412 513 449 ille
526 424 566 449 non
586 414 705 463 cognoscit,
724 421 744 451 et
756 426 807 464 (piae
821 419 870 451 sunt
882 413 926 450 suis

118 474 291 524 praestantiores.
303 497 332 502 —
344 475 429 526 Cogitet
442 484 530 523 (lneque,
543 484 602 522 quam
614 485 649 509 res
662 485 732 511 omnes
744 474 804 522 hujus
815 476 883 519 vitae,
902 474 926 511 de

119 535 192 586 quibus
203 536 302 574 mortales
314 542 423 585 tantopore
436 535 531 571 exultant
543 539 563 570 et
578 534 710 584 gloriantur,
729 541 752 572 nt
762 534 838 580 honos,
857 536 925 581 favor,

118 596 256 646 pulchritudo,
268 597 360 642 divitiae,
377 607 443 633 vanae
456 595 498 631 sint
511 600 531 631 et
541 594 696 640 inconstanteS,
716 596 806 633 caducae
824 603 845 633 et
860 597 926 634 veluti

118 658 186 695 fumus
199 664 355 696 evanescentes.
369 656 439 704 Quare
450 656 511 692 inane
529 661 561 692 est
573 661 594 692 et
605 656 745 705 superfluum,
765 656 789 693 de
804 656 843 693 hoc
858 669 880 694 sc
892 657 925 706 ja-

119 725 183 765 ctare,
196 720 249 769 qnod
261 719 311 757 adeo
324 723 384 756 earet
396 716 450 753 omni
462 716 602 762 fundamento,
615 723 635 754 et
645 717 744 754 instabile
757 715 822 764 est1).

191 776 216 829 5]
228 779 315 818 Juvabit
327 789 407 827 quoque
418 778 573 827 praescribere,
586 785 608 816 ut
620 779 705 828 saepius
717 779 765 815 viva
776 778 816 815 fide
828 778 868 815 sibi
880 790 926 827 pro-

117 848 179 892 ponat
191 841 307 891 exemplum
320 838 399 876 Christi
411 838 539 885 Salvatoris,
555 845 577 876 nt
589 840 657 877 discat
669 840 693 876 ab
707 852 741 884 eo,
756 852 796 876 non
808 840 926 889 superbire,

118 904 154 941 sed
165 903 325 941 humilemesse:
338 900 373 950 qui
385 912 430 938 cum
442 900 462 937 in
475 901 589 939 formaDei
602 907 666 945 esset,
678 913 718 938 non
730 901 824 950 rapinam
837 901 924 939 arbitra-

118 971 151 1003 tus
164 970 206 1008 est,
219 975 266 1001 esse
279 974 301 999 se
314 962 422 1011 aequalem
433 962 489 1007 Deo,
501 963 538 1000 scd
550 963 685 1013 semetipsum
699 963 820 1008 exinanivit,
839 963 926 1000 formam

118 1026 175 1064 servi
186 1024 298 1074 accipiens,
310 1023 330 1060 in
342 1022 414 1061 humili
426 1024 506 1062 stabulo
519 1030 587 1070 natus,
605 1024 743 1063 circumcisus
761 1031 835 1062 octavo
855 1024 886 1062 dic
905 1030 927 1061 nt

118 1092 223 1138 peccator,
237 1085 325 1136 triginta
337 1084 395 1122 annis
407 1085 499 1131 latitans,
517 1086 572 1123 filius
588 1086 643 1123 fabri
657 1092 777 1135 reputatus,
797 1085 863 1123 tribus
879 1086 926 1122 ulti-

118 1148 156 1185 mis
168 1147 222 1183 vitae
235 1146 294 1183 annis
303 1158 314 1183 a
322 1146 399 1184 scribis
411 1153 432 1184 et
442 1146 572 1192 Pharisaeis,
585 1154 605 1185 et
617 1154 710 1197 tempore
722 1147 838 1191 Passionis,
851 1159 862 1184 a
875 1147 926 1184 mili-

118 1209 173 1247 tibus
185 1207 305 1257 despectus‚
318 1214 447 1254 contemtus,
466 1208 549 1246 derisus
562 1222 585 1247 ac
598 1209 684 1259 denique
696 1209 752 1246 inter
769 1209 820 1246 duos
833 1209 926 1246 latrones

118 1281 204 1308 acruee
216 1269 325 1318 pendulus,
343 1275 439 1318 tanquam
456 1270 582 1308 novissimus
599 1271 693 1307 virorum
706 1270 774 1308 faetus
793 1270 927 1319 opprobrium

115 1330 220 1368 hominum
233 1336 253 1367 et
265 1330 353 1378 abjectio
365 1331 439 1379 plebis,
456 1330 572 1379 humiliavit
584 1337 651 1369 semet
661 1332 729 1381 ipsum
746 1343 811 1380 usque
830 1331 854 1368 ad
871 1343 924 1367 mor-

117 1398 166 1437 tem,
177 1397 266 1429 mortem
278 1397 345 1428 autem
358 1392 435 1429 crucis,
453 1393 585 1430 „Erubescat
602 1392 662 1429 homo
680 1404 727 1429 esso
743 1392 860 1441 superbus,
879 1404 926 1440 pro-

118 1459 163 1503 pter
175 1465 234 1502 quem
246 1452 315 1498 factus
327 1458 359 1489 est
370 1452 452 1490 humilis
464 1451 568 1500 Deus2).”

195 1510 321 1561 b)Utve1·0
334 1525 359 1550 ex
370 1512 402 1550 his
416 1514 618 1552 considerationibus
631 1514 748 1552 efficaciter
766 1520 874 1551 moveatur
891 1526 926 1551 su·

118 1575 177 1625 perbi
188 1574 268 1612 animus
281 1575 305 1612 ad
321 1574 442 1612 humilitatis
458 1587 561 1620 amorem,
577 1581 598 1612 et
613 1575 724 1625 surperbiae
742 1575 821 1619 odium,
835 1575 927 1613 inculce-

118 1643 151 1674 tur
164 1635 183 1673 ei
195 1636 296 1673 orationis
308 1636 433 1681 necessitas,
445 1637 652 1687 praescribaturqnc,
666 1643 687 1674 ut
699 1637 789 1686 quotidie
802 1637 863 1673 statis
877 1643 927 1673 tem-

117 1697 210 1747 poribus,
223 1709 247 1735 ac
259 1697 371 1746 praecipue
383 1703 477 1747 tempore
489 1697 589 1736 sacrificii
606 1698 683 1735 missae
703 1698 793 1735 ferventi
809 1710 872 1747 prece
890 1697 927 1734 idi-

118 1771 177 1809 psum
189 1771 201 1796 a
211 1759 257 1796 Deo
268 1771 306 1807 per
318 1757 440 1796 humilitatis
454 1758 534 1796 Christi
545 1759 642 1796 meritum
654 1759 756 1796 infinitum
768 1760 875 1809 postulare
888 1771 927 1796 non

118 1826 195 1859 cesset.
208 1818 293 1867 Quoties
305 1819 391 1869 insuper
402 1832 440 1869 per
453 1820 506 1857 diem
518 1821 609 1870 superba
621 1821 721 1871 cogitatio
734 1821 823 1857 aninmm
831 1821 927 1869 pulsave-

117 1882 153 1927 rit,
164 1881 198 1918 vel
210 1893 232 1918 se
243 1881 333 1918 interius
345 1887 456 1919 convertat
467 1882 491 1919 ad
504 1881 610 1919 Christum
621 1881 757 1926 humiliatum,
769 1888 792 1919 ut
805 1882 849 1930 ejus
858 1894 927 1918 exem-

117 1943 149 1992 plo
162 1943 281 1987 roboratus,
293 1942 313 1979 in
326 1941 442 1980 humilitate
453 1943 555 1992 persistat
562 1958 568 1988 ;
579 1944 614 1980 vel
626 1943 752 1980 sententiam
764 1943 853 1993 aliquam
867 1943 927 1980 Scri·

118 2010 191 2053 pturae
204 2016 287 2049 sacrae,
300 2015 339 2053 qua
350 2003 456 2041 humilitas
469 2005 633 2049 commendatur,
646 2004 713 2042 animo
726 2005 802 2048 volvat,
819 2010 877 2041 ntea
891 2017 926 2041 ve-

117 2065 154 2102 luti
166 2064 235 2116 gladio
248 2065 334 2115 spiritus
352 2077 433 2103 ornnem
451 2079 462 2103 a
478 2078 501 2103 se
520 2066 639 2115 superbiam
658 2067 776 2115 propulset,
796 2065 926 2117 adjungendo

118 2126 232 2164 orationem
248 2126 336 2176 aliquam
350 2126 499 2174 jaculatoriam
517 2127 542 2165 ad
561 2128 651 2165 divinum
670 2128 768 2165 auxilium
787 2127 926 2170 obtinendum,

117 2194 175 2237 puta:
189 2187 247 2226 „Non
259 2187 326 2232 nobis,
339 2188 375 2225 sed
388 2188 469 2226 Nemini
481 2195 516 2226 tuo
529 2189 554 2226 da
566 2189 676 2239 gloriam.”
691 2189 785 2227 „Discite
798 2201 809 2225 a
822 2200 860 2232 me,
879 2188 926 2237 quia

116 2248 199 2287 humilis
211 2261 256 2286 sum
269 2248 352 2286 corde.'’
710 2281 711 2284 ,

191 2306 216 2357 l]
228 2311 269 2347 Pro
281 2309 454 2351 remedioantem
465 2322 536 2348 uetuere
545 2310 640 2360 ylerdae,
646 2312 774 2359 jactantiae
786 2316 807 2347 et
822 2310 927 2348 (111161110-

117 2374 160 2421 uis,
173 2377 258 2421 praeter
270 2371 325 2409 dicta
337 2371 387 2408 utile
400 2370 440 2407 erit
452 2371 595 2416 considerare,
609 2384 669 2421 quam
680 2384 731 2408 vere
744 2371 786 2408 sint
798 2384 862 2417 otetur,
876 2384 927 2421 quae

118 2446 188 2471 coram
200 2433 266 2471 oculis
279 2432 353 2469 divinis
364 2431 442 2470 homini
458 2432 508 2469 nihil
526 2439 614 2482 possunt
631 2432 736 2480 adjicere,
752 2433 793 2470 imo
810 2445 869 2482 qnam
886 2433 928 2469 siut
945 2473 949 2477 ,

117 2497 207 2544 erectae,
221 2506 272 2544 qnae
284 2506 324 2531 non
337 2494 403 2531 solnm
415 2494 468 2532 bona
480 2507 544 2543 opera
556 2500 629 2545 nostra
643 2494 727 2543 privant
743 2494 831 2532 coelesti
847 2506 927 2532 merce-

117 2555 149 2599 de,
163 2555 225 2603 juxta
235 2555 286 2592 illud
298 2555 429 2593 Salvatoris:
450 2557 598 2605 „Recepernnt
615 2555 734 2593 mercedem
753 2556 838 2600 sna1n,'⁷
855 2568 927 2593 verum

118 2615 180 2652 etiam
192 2617 269 2665 optima
281 2628 374 2666 quaeque
389 2623 500 2666 operantes
520 2617 601 2655 divinae
620 2616 692 2654 ultioni
713 2617 800 2654 reddunt
816 2617 927 2653 oltrnmios:

119 2674 191 2712 „Deus
204 2677 257 2715 enim
270 2677 380 2726 dissipavit
392 2690 441 2715 ossa
453 2690 536 2722 eorum,
556 2679 590 2728 qui
606 2678 722 2715 hominibus
735 2679 828 2727 placent,
847 2677 927 2715 confusi

118 2741 173 2779 sunt,
185 2738 281 2785 quoniam
292 2740 351 2776 Deus
363 2739 443 2788 sprevit
455 2739 504 2776 eos⁵⁷
512 2737 538 2786 ³).
552 2739 623 2778 „Proh
635 2739 703 2783 dolor,
717 2739 745 2776 ait
761 2740 784 2777 S.
801 2738 926 2787 Chrysosto·

113 2821 290 2833 ⁵·————

142 2880 157 2918 ¹)
168 2878 196 2910 Cf·
209 2879 252 2912 Dux
272 2887 397 2924 peccatorum
409 2884 485 2917 Ludov.
500 2883 580 2917 Granat.
594 2884 660 2917 Gelon.
681 2885 733 2917 1618.
743 2894 761 2927 p.
775 2885 816 2916 6119.
834 2901 857 2906 -
874 2884 890 2922 ²)
905 2882 926 2915 S.

166 2928 214 2969 Aug.
226 2927 244 2960 in
253 2929 325 2963 Psalm.
334 2933 404 2966 XVIII.
414 2952 437 2957 -
446 2936 462 2974 3)
472 2933 544 2966 Psalm.
554 2933 593 2965 LlI.
603 2931 628 2966 δή
