2056 3193
145 98 190 144 238

145 217 231 264 habuit,
248 228 285 255 nos
298 214 387 265 diligens
399 225 464 264 usque
477 214 589 260 adfinem,
608 220 651 252 tum
663 213 706 260 illi,
727 228 766 266 quo
778 229 816 255 nos
828 216 921 254 feramur
932 213 954 252 in

146 280 210 318 illum.
229 280 303 315 Patres
316 274 405 313 Concilii
416 276 535 313 Tridentini
542 274 560 324 ¹]
578 276 697 320 hortantur,
712 280 791 326 rogant
802 285 823 317 et
834 279 953 322 obsecrant,

147 347 170 378 ut
181 350 251 377 omnes
264 343 284 373 et
295 335 385 386 singuli,
404 336 438 386 qui
457 336 571 375 christiano
583 337 664 374 nomine
683 345 796 375 censentur
808 369 883 377 ,,,,,
901 338 953 375 haec

148 412 209 439 saera
220 397 322 446 mysteria
334 398 430 446 corporis
443 404 463 435 et
475 395 584 449 sanguinis
597 397 641 446 ejus
654 409 678 434 ea
689 395 738 444 fidei
756 401 875 438 constantia
887 406 907 438 et
918 399 953 437 fir-

146 462 224 504 mitate,
237 472 261 496 ea
273 458 336 496 animi
348 459 457 497 devotione
465 472 489 498 ac
500 460 577 508 pietate
590 465 610 495 et
622 458 678 496 cultu
690 457 779 497 credant>
789 466 809 497 et
820 467 954 506 venerentur,

145 528 167 559 ut
184 533 259 570 panem
275 520 332 558 illum
351 521 575 569 supersubstantialem
594 519 715 569 frequenter
733 520 843 569 suscipere
865 523 953 571 possint.

144 583 194 621 Pius
206 582 272 634 igitur
285 582 398 619 animarum
410 588 492 630 pastor,
511 582 545 631 qui
555 581 600 631 ipse
612 581 632 618 in
648 580 689 618 SS.
701 580 857 620 Eucharistiam
871 584 953 622 inarde-

145 645 193 690 scit,
205 656 246 682 non
258 644 324 681 solum
337 643 361 680 ad
373 642 504 692 frequentem
523 643 687 680 communionem
705 642 783 680 alliciet
795 655 845 688 eos,
863 657 914 693 quos
930 657 954 683 ea

146 706 221 757 dignos
234 703 347 748 censuerit,
360 714 433 741 verum
445 703 508 741 etiam
519 716 555 753 pro
567 704 601 748 iis,
620 716 671 753 quos
682 703 703 740 in
716 703 738 741 S.
752 704 862 742 Tribunali
874 705 953 757 dirigit,

146 774 169 805 ut
185 778 258 817 panem
276 765 406 816 Angelorum
425 765 531 809 esuriant,
550 777 596 803 cum
617 765 640 802 S.
658 764 773 803 Laurentio
793 766 849 803 Just.
873 767 953 804 orabit:

148 828 233 878 „Aperi
245 827 343 865 melliflue
356 837 421 871 anaor,
440 826 505 875 aperi,
522 826 612 876 inquam,
631 838 642 863 o
655 826 723 864 divina
733 827 829 872 Bonitas,
840 827 954 865 interiores

146 890 236 928 fidelium
248 889 328 932 oculos
340 893 362 925 ut
374 886 477 925 formatae
488 887 536 924 fidei
548 887 645 925 irradiati
655 887 732 925 lumine
744 894 866 926 mereantur
882 888 954 926 videre

146 957 174 989 te.
189 951 260 989 Dilata
272 949 333 987 etiam
345 948 434 986 Domine
446 950 543 987 affectum
562 949 586 986 ad
598 948 752 998 suscipiendum
765 956 795 995 te,
813 956 836 988 ut
853 949 928 988 eruditi
943 962 954 987 a

146 1019 167 1051 te
180 1018 282 1063 quaerant
293 1017 313 1048 te
325 1022 362 1059 per
374 1015 402 1055 te,
415 1016 436 1047 et
446 1010 582 1060 requiescant
592 1010 613 1047 in
626 1016 658 1055 te,
678 1011 767 1049 omnium
786 1011 954 1049 desiderabilium

147 1080 232 1112 aeterno
245 1071 314 1110 fonte’⁷
325 1070 351 1118 2).
365 1071 388 1108 S.
401 1071 490 1109 Carolus
502 1072 526 1108 B.
539 1071 643 1120 parochos
655 1077 731 1116 monet,
743 1079 767 1110 ut
777 1073 850 1110 fideles
863 1073 888 1110 ad
900 1073 954 1110 salu-

147 1134 260 1173 berrimum
284 1132 345 1181 hujus
364 1131 497 1171 sacramenti
515 1132 637 1182 frequenter
653 1132 747 1170 sumendi
767 1146 827 1171 usum
843 1134 955 1185 diligenter

148 1196 295 1239 cohortentur,
315 1197 452 1243 „repraeter
462 1193 585 1231 Poscoaes
598 1191 792 1244 Oommeniooem,
812 1207 863 1245 quae
881 1196 955 1233 Eccle-

148 1259 191 1296 siae
203 1261 315 1307 praecepto
327 1255 449 1292 necessaria
461 1261 500 1299 est,
519 1256 594 1292 saltem
611 1255 631 1292 in
648 1255 767 1304 praecipuis
782 1256 955 1300 solemnitatibus,

146 1320 204 1357 velut
216 1319 249 1356 dte
260 1315 332 1354 natali
348 1314 447 1365 Deretini,
465 1315 601 1367 Epiphania,
614 1315 759 1362 Pentecoste,
776 1317 797 1354 in
816 1318 888 1355 diebus
906 1317 957 1354 item

145 1382 213 1431 festis
229 1377 353 1427 cerporibus
369 1377 394 1413 B.
407 1378 435 1415 M.
455 1377 480 1414 V.
500 1375 698 1424 eomrraunicent'’³].
716 1378 837 1416 Laudabilis
856 1390 906 1415 sane
924 1384 957 1415 est

148 1440 283 1484 consuetudo,
297 1439 337 1476 SS.
349 1438 429 1475 attaris
443 1438 603 1476 Sacramentum
616 1439 753 1488 suscipiendi:
769 1442 792 1486 a]
809 1440 841 1477 die
857 1438 921 1476 natali
936 1444 957 1475 et

148 1501 290 1545 onomastico;
308 1500 333 1546 b]
345 1506 472 1549 recuperata
483 1500 572 1549 pristina
584 1500 680 1549 corporis
695 1500 797 1546 sanitate3
816 1503 839 1547 c]
857 1501 878 1537 in
896 1511 956 1549 pere-

148 1562 288 1614 grinantibus,
301 1566 348 1597 ante
359 1560 400 1596 iter
412 1572 477 1609 coque
489 1561 580 1597 feliciter
591 1566 688 1609 peraet03
701 1561 725 1605 d)
737 1561 758 1596 in
769 1560 900 1597 matrimonio
909 1560 956 1607 jun·

149 1624 196 1666 ctis,
209 1622 241 1658 die
253 1620 398 1657 anniversaria
409 1621 560 1658 benedictionis
572 1621 670 1667 nuptialis
675 1634 681 1663 3
694 1622 716 1665 e)
729 1621 749 1656 in
761 1621 884 1657 mulieribus
896 1632 956 1668 prae·

148 1683 269 1734 gnantibus,
282 1687 330 1718 ante
342 1686 421 1728 etpost
432 1687 524 1729 partum3
541 1681 563 1727 f)
575 1681 596 1717 in
604 1680 725 1728 juvenibus,
737 1680 784 1718 dum
797 1681 874 1718 milites
891 1681 957 1725 fiunt;

149 1748 175 1797 g)
187 1745 219 1783 die
232 1741 377 1782 anniversaria
392 1741 538 1781 defunctorum
553 1747 669 1792 parentum.
690 1742 713 1779 ln
727 1740 840 1790 juvenibus
858 1741 958 1792 frequens

135 1808 336 1844 srcramemorum
358 1815 408 1840 usus
429 1805 570 1854 peroptandus
590 1810 632 1848 est,
651 1815 676 1840 ne
694 1803 776 1841 seilicet
798 1805 819 1840 in
835 1810 904 1841 aetate
925 1803 958 1851 ju·

148 1869 211 1907 venili
223 1867 315 1920 peccatis
328 1864 435 1918 hucusque
453 1867 534 1905 levibus
552 1878 600 1905 mox
617 1865 692 1918 gravia
708 1866 837 1912 succedant,
860 1871 881 1903 et
899 1877 958 1903 ornne

148 1931 271 1985 proficiendi
289 1930 398 1970 eonsilium
421 1931 503 1981 penitus
523 1930 646 1968 dimittatur.
671 1929 736 1966 Proni
751 1929 827 1967 etenim
845 1934 894 1967 sunt
911 1940 958 1966 sen·

151 2008 187 2033 sus
209 1994 297 2032 bominis
322 1992 343 2030 in
364 1992 440 2030 malum
465 2006 476 2031 a
490 1993 601 2041 juventute
620 2004 664 2029 sua.
685 1994 828 2041 „Frequenter
846 2003 958 2030 recurren-

151 2058 199 2096 dum
212 2062 244 2094 est
256 2056 280 2094 ad
291 2055 370 2092 fontem
382 2055 464 2105 gratiae
477 2061 498 2092 et
510 2054 591 2092 divinae
604 2053 768 2099 misericordiae,
787 2053 812 2091 ad
828 2053 906 2091 fontem
923 2053 959 2091 bo-

151 2119 222 2157 nitatis
234 2124 255 2155 et
266 2117 330 2154 totius
341 2116 449 2166 puritatis:
469 2122 571 2166 quatenus
588 2114 721 2165 passionibus
733 2115 775 2152 tuis
787 2121 809 2152 et
819 2115 876 2153 vitiis
889 2113 960 2153 curari

151 2182 222 2218 valeas
234 2186 255 2217 et
267 2185 342 2217 contra
352 2177 463 2215 universas
474 2178 601 2215 tentationes
614 2183 635 2214 et
646 2176 733 2215 falacias
746 2176 833 2222 diaboli,
850 2176 926 2214 fortior
939 2180 960 2212 et

152 2242 273 2294 vigilantior
285 2240 341 2278 effici
352 2240 455 2277 merearis
464 2236 490 2287 4).

225 2302 306 2340 Verum
317 2301 349 2339 his
362 2301 479 2352 generatim
498 2314 509 2339 a
527 2300 586 2339 nobis
605 2300 629 2338 de
647 2299 755 2350 frequente
775 2299 961 2338 sacramentorum

153 2377 192 2402 usu
204 2365 272 2409 dietis,
284 2364 376 2401 reticere
388 2375 428 2400 non
440 2363 500 2408 licet,
519 2363 573 2413 quod
584 2361 683 2412 frequens
696 2360 884 2399 Sacramentorum
902 2371 960 2404 usus,

155 2426 195 2463 etsi
206 2438 284 2464 summe
295 2424 405 2463 laudabilis
417 2430 438 2462 et
450 2424 608 2468 desiderandus,
626 2423 666 2460 imo
679 2423 723 2460 fere
736 2422 871 2462 necessarius
884 2421 961 2466 estiis,

156 2488 228 2537 quibus
240 2487 298 2525 cordi
309 2492 353 2532 est,
371 2486 446 2524 salutis
459 2493 558 2524 aeternae
571 2497 629 2534 spem
647 2484 715 2535 magis
733 2496 757 2522 ae
775 2484 844 2535 magis
862 2482 961 2528 solidare,

155 2561 195 2587 non
206 2555 273 2586 tamen
285 2549 313 2586 sit
323 2548 369 2598 ipsa
380 2548 483 2596 perfectio
496 2546 584 2585 hominis
597 2545 713 2590 christiani,
725 2545 762 2584 sed
773 2546 863 2584 medium
876 2544 900 2581 ad
914 2556 961 2594 per-

180 2681 195 2725 t)
206 2681 262 2714 Sess.
272 2683 323 2715 xttl,
333 2692 374 2724 cap.
384 2682 401 2715 8.
412 2700 436 2705 -
444 2682 460 2721 2)
469 2682 499 2713 De
508 2680 589 2723 perfect.
599 2688 649 2712 mon.
658 2688 675 2712 c.
686 2682 703 2714 9.
712 2697 736 2703 —
744 2677 759 2720 ³)
769 2677 872 2711 aetAEect.
882 2677 961 2710 Mediol.

204 2731 223 2763 in
231 2730 436 2763 Instructlducharist.
446 2730 475 2762 tit.
486 2730 509 2762 de
519 2729 615 2771 frequenti
623 2737 692 2761 sacrae
702 2726 845 2760 Communionis
853 2736 897 2759 usu.
906 2726 963 2759 Simi-

203 2779 229 2812 lia
239 2779 317 2811 decreta
330 2783 406 2811 exstant
415 2780 433 2811 in
442 2780 487 2819 Syn.
499 2779 580 2819 August.
592 2786 639 2808 anno
650 2778 706 2816 15673
716 2776 762 2816 Syn.
774 2775 872 2807 Cantarac.
883 2785 900 2809 a.
911 2777 963 2807 1567.

204 2829 233 2861 tit.
244 2828 261 2859 8.
273 2835 289 2858 c.
302 2828 326 2866 1.;
337 2827 380 2867 Syn.
391 2827 491 2860 Constant.
501 2835 512 2858 a
522 2828 576 2858 1609.
586 2835 605 2868 p.
616 2827 632 2857 1.
642 2825 672 2857 tit.
684 2826 712 2856 10.
722 2833 740 2855 c.
750 2824 778 2864 'aa
789 2823 833 2865 Syn.
842 2823 963 2856 Paderborn.

204 2886 222 2909 a.
234 2876 289 2908 1688.
299 2884 317 2916 p.
326 2875 344 2906 2.
357 2874 385 2905 tit.
394 2876 412 2908 6.
422 2890 446 2899 -
454 2873 469 2918 4)
479 2875 547 2907 Thoan.
557 2883 568 2905 a
577 2873 657 2915 Kempis
667 2872 690 2904 de
703 2871 808 2905 imitatione
819 2872 901 2912 Christi,
919 2871 962 2903 libr.

204 2926 222 2958 ta.
232 2933 249 2957 c.
262 2925 290 2956 to.
