2017 3193
860 106 903 149 109

95 220 178 257 damnat
188 231 229 257 non
241 220 386 267 confitentem,
398 228 420 260 ut
431 221 503 269 puniat
514 222 645 271 superbum.⁵’
660 223 683 270 d)
696 222 792 264 Doceat,
804 219 845 257 etsi
855 231 904 269 pec-

96 287 152 326 cata,
176 293 227 330 quae
254 282 348 319 confiteri
376 281 493 325 crubescit,
520 281 622 320 hominem
648 285 737 328 lateant,
759 282 804 318 Deo
832 280 904 318 intime

94 348 207 392 perspecta
219 353 266 379 esse
283 343 372 394 adeoque
389 342 496 381 infamiam
515 342 567 390 apud
578 343 635 380 illum
653 351 784 382 contractam
804 354 850 379 eum
865 353 905 378 non

96 403 239 454 effugiturum.
258 406 280 451 e]
299 404 438 442 considerare
452 402 536 450 jubeat,
554 403 606 450 quod
624 402 675 442 haee
692 405 738 453 ipsa
749 408 838 454 peccata
857 402 905 439 olim

96 464 138 500 sint
150 464 243 501 omnibus
255 465 412 503 manifestanda.
425 464 448 510 f]
462 463 574 507 Ostendat,
592 474 652 512 quam
664 476 729 514 grave
741 470 867 503 tormentum
880 475 906 500 ex

95 524 135 562 hac
146 525 229 573 peccati
241 528 389 576 suppressione
401 526 430 562 sit
440 536 550 573 passurus.
563 525 589 573 g]
601 524 755 572 Repraesentet
766 526 797 562 illi
814 525 904 562 infortu-

96 585 164 630 nium,
182 587 234 635 quod
244 587 285 637 ipsi
295 594 356 637 parat
366 585 449 635 peccati
460 584 582 628 reticentia,
600 596 640 634 qua
657 585 677 621 in
696 597 719 620 re
731 585 783 622 haud
802 585 904 623 absimilis

98 652 143 691 est,
155 646 197 691 ilii,
211 648 244 696 qui
255 660 321 698 grave
333 648 392 685 ulcus
404 646 424 683 in
438 657 526 694 corpore
538 645 623 689 ferens,
636 644 738 695 chirurgo
751 645 904 683 illudrevelare

97 707 175 751 nollet,
199 708 270 757 sieque
295 708 370 744 malum
389 718 472 754 semper
490 705 622 742 invalescere
640 705 786 753 permitteret3
808 713 903 753 quantum

97 777 170 803 verce
189 775 262 805 contra
281 767 377 803 solatium
389 773 527 815 percepturus
542 765 583 809 sit,
603 766 620 802 si
639 766 698 802 ulons
716 765 755 802 boe
775 764 904 801 confessario

96 827 354 876 aperiremedicinamque
367 826 477 864 admittere
490 832 581 877 satagat.

95 910 160 943 Nota.
170 911 191 943 In
200 910 291 953 personis
302 909 416 951 ceteroquin
428 908 465 952 piis
479 909 547 942 sedulo
557 908 694 941 attendendum
704 912 744 949 est,
758 917 781 941 ne
794 908 852 941 timor
860 907 906 940 infa-

120 960 169 993 miae
179 959 229 1000 apud
243 958 383 991 confessarium
393 959 526 998 incurrendae,
540 957 608 991 nimius
619 957 696 997 evadat,
709 958 741 990 vel
750 958 835 990 studium
845 955 905 989 bonae

121 1006 260 1041 aestimationis
274 1006 399 1051 aucupandae
411 1007 501 1041 nocivum
512 1010 615 1040 enascatur
620 1016 625 1048 3
640 1016 677 1050 quo
688 1005 715 1048 fit,
725 1006 802 1050 utproh
812 1005 877 1041 dolor!
889 1005 907 1038 ln

120 1061 207 1102 peccata,
217 1066 265 1101 quae
275 1057 337 1101 pudor
346 1057 430 1091 reticere
439 1057 493 1099 velit,
503 1058 607 1100 prolapsae
617 1057 640 1091 de
649 1057 673 1090 iis
683 1056 758 1090 sileant.

170 1130 233 1173 Ait).
252 1134 276 1172 Si
288 1134 307 1172 ei
319 1134 429 1181 ostendat,
449 1147 508 1185 quam
527 1134 586 1172 umlti
603 1134 697 1172 homines
710 1134 734 1171 ab
747 1146 771 1171 eo
788 1133 853 1179 vitio,
872 1145 906 1171 eu-

93 1197 129 1246 jus
141 1197 213 1248 fugam
225 1197 270 1247 ipse
282 1197 431 1246 impossibilem
443 1203 509 1246 putat,
526 1197 572 1234 sine
591 1196 713 1234 difficultate
733 1196 863 1234 abstineant:
881 1208 906 1233 an

96 1258 163 1310 igitur
175 1264 197 1295 tu
209 1271 248 1296 non
261 1259 354 1307 poteris,
372 1259 424 1308 quod
442 1259 478 1296 isti
490 1265 511 1296 et
522 1259 576 1296 istae
587 1260 717 1308 potuerunt?
735 1260 766 1296 An
779 1258 849 1309 gratia
865 1257 907 1295 Dei

98 1326 119 1358 et
130 1332 237 1371 generosa
255 1320 317 1357 animi
328 1320 429 1357 resolutio
442 1332 481 1357 non
493 1326 605 1369 poterunt,
623 1320 675 1370 quod
687 1319 798 1357 infirmitas
811 1319 907 1368 eorporis

97 1393 137 1419 non
148 1384 235 1430 potest?
254 1381 278 1419 si
291 1381 310 1418 ei
321 1381 464 1425 demonstret,
482 1394 541 1431 quam
554 1388 648 1430 paratum
661 1394 673 1418 a
683 1382 729 1418 Deo
742 1380 817 1418 adhoc
834 1380 908 1417 vitium

98 1442 240 1480 debellandum
253 1442 351 1480 auxilium
362 1442 451 1486 babeat,
470 1443 559 1480 simodo
577 1442 607 1479 illi
626 1442 737 1492 cooperari
747 1442 805 1479 velit.
824 1443 907 1479 Enarra

97 1503 129 1541 illi
140 1503 251 1553 gaudium,
269 1503 322 1553 quod
333 1503 353 1540 in
367 1504 424 1541 coelo
437 1503 504 1541 oritur
517 1517 543 1541 ex
555 1504 692 1541 conversione
705 1503 766 1540 unius
780 1502 907 1552 peccatoris,
943 1508 946 1515 ¹

98 1570 119 1601 et
131 1570 207 1613 quanta
219 1576 264 1602 cum
279 1564 429 1614 tranquillitate
441 1565 469 1601 sit
480 1577 607 1602 reversurus
620 1564 711 1609 domum,
729 1564 855 1602 benedicens
868 1563 908 1601 diei

99 1624 187 1669 millies,
205 1637 245 1674 qua
256 1625 408 1663 conscientiam
420 1638 477 1663 suam
490 1631 547 1663 tanto
559 1626 651 1675 pondere
664 1625 792 1663 exoneravit.

174 1686 206 1723 Ad
218 1682 237 1724 6.
251 1685 276 1723 Si
286 1692 371 1735 praeter
383 1686 484 1735 specialia
495 1687 520 1724 ad
531 1686 652 1725 inimicitias
665 1686 796 1735 deponendas
809 1691 829 1722 et
841 1685 907 1723 extin-

99 1746 192 1797 guendas
209 1746 302 1784 remedia
322 1753 343 1783 et
364 1754 478 1796 praccepta
492 1748 598 1792 exhibeat,
618 1754 740 1796 quantorum
759 1747 860 1784 bonorum
875 1746 907 1794 ja-

99 1813 179 1845 cturam
191 1806 255 1845 faciat
266 1807 357 1852 interea,
375 1807 421 1845 dum
434 1809 587 1846 confessionem
600 1809 698 1846 differtet
709 1808 831 1845 inimicitias
843 1808 907 1851 fovet,

99 1880 145 1906 cum
157 1867 234 1904 nullum
245 1867 301 1905 illius
316 1880 381 1916 opus>
398 1869 494 1918 quamdiu
504 1869 525 1906 in
544 1869 582 1907 boe
595 1875 651 1906 statu
662 1875 783 1918 permanet,
800 1870 845 1906 Deo
858 1880 907 1919 gra-

100 1934 175 1966 tumet
192 1928 322 1966 meritorium
341 1941 388 1966 esse
406 1930 486 1978 possit,
500 1930 561 1978 juxta
577 1929 628 1967 illud
645 1929 760 1967 Matthaei:
780 1929 819 1967 „si
843 1931 907 1966 offers

99 2001 172 2026 munus
184 1995 241 2026 tuum
254 1990 278 2026 ad
291 1990 357 2026 altare
370 1996 390 2026 et
401 1990 430 2027 ibi
441 1991 566 2028 recordatus
580 1990 660 2034 fueris,
674 1990 721 2040 quia
733 1990 800 2027 frater
812 1996 860 2027 tuus
872 1989 907 2026 ha·

99 2050 134 2087 bet
146 2049 221 2098 aliquid
233 2049 344 2087 adversum
362 2056 396 2095 te;
415 2051 509 2100 relinque
522 2051 551 2088 ibi
570 2063 642 2088 munus
661 2057 717 2088 tumn
730 2057 777 2087 ante
792 2052 872 2095 altare,
888 2056 908 2087 et

99 2109 150 2147 vade
167 2110 226 2159 prius
244 2111 380 2149 reconciliari
398 2111 461 2149 fratri
479 2118 526 2150 tuo:
545 2118 565 2150 et
576 2118 625 2150 tune
643 2112 730 2149 veniens
745 2113 821 2150 offeres
834 2123 907 2149 munus

99 2168 199 2217 tuunr’⁷¹).

175 2231 234 2270 Haeo
246 2238 267 2270 et
278 2232 354 2270 similia
365 2234 456 2279 nonita,
469 2247 508 2285 qua
525 2241 595 2284 potest
606 2235 696 2273 maxima
707 2234 792 2273 lenitate
804 2246 828 2273 ac
845 2233 907 2273 eonii-

99 2300 142 2332 tate
155 2294 419 2344 Confessariusproferat„
433 2297 505 2333 Torva
523 2297 577 2334 enim
596 2297 699 2335 severitas
718 2296 795 2334 avertit
815 2297 909 2343 anirnos3

101 2369 161 2408 quem
179 2357 273 2402 oderint,
291 2357 390 2408 quomodo
410 2358 429 2396 ei
440 2370 478 2396 sua
489 2359 595 2408 prodant?
614 2358 685 2397 Clavis
697 2359 768 2397 ferrea
779 2365 854 2409 peetus
868 2371 908 2398 non

101 2419 181 2469 aperit:
193 2432 231 2458 nee
244 2419 296 2464 soli,
314 2420 356 2457 nisi
367 2420 463 2458 serenius
476 2420 578 2459 arridenti
588 2420 672 2459 intimos
684 2433 784 2459 recessus
796 2423 862 2460 flores
875 2434 908 2459 ex·

100 2481 192 2531 plicant,
209 2482 277 2519 minus
295 2481 333 2519 tibi
351 2482 444 2521 cordium
457 2483 524 2521 aditus
538 2489 610 2533 patere
623 2483 692 2521 sinent
703 2483 812 2529 homines,
829 2484 870 2522 nisi
889 2496 909 2521 a·

101 2555 188 2588 moeno,
206 2543 296 2589 affabili,
314 2550 335 2581 et
352 2546 435 2583 amanti.
456 2547 492 2584 „In
511 2546 630 2584 universum
642 2552 662 2583 tc
676 2546 757 2584 cunctis
776 2547 861 2592 mitem,
876 2546 909 2594 ju·

100 2605 201 2650 eundum,
219 2606 323 2643 affabilem
336 2607 452 2656 praebeas,
469 2614 492 2645 ut
504 2619 528 2645 ea
540 2608 638 2646 comitate
649 2608 714 2646 illecti
729 2620 801 2646 omnes
810 2619 812 2622 ’
820 2608 858 2646 tibi
874 2620 909 2657 pe·

101 2671 182 2705 etorum
194 2679 280 2704 suorum
292 2668 385 2706 latebras
397 2680 421 2707 ac
433 2681 533 2707 recessus
546 2668 691 2719 aperiant.’'.²].

97 2755 277 2764 Q

126 2798 141 2836 ⁴)
151 2798 197 2841 Cap.
207 2802 231 2834 V.
242 2803 271 2834 23.
282 2803 312 2835 2'4.
322 2821 346 2826 -
355 2801 370 2845 2)
381 2802 402 2835 S.
412 2803 460 2835 Xav.
470 2801 520 2844 apud
528 2800 582 2835 illlaff.
590 2801 634 2835 libr.
646 2804 662 2835 1.
673 2811 704 2845 ep.
714 2804 731 2835 2.
