2056 3193
95 51 125 95 24

96 166 166 204 dentia
177 166 272 216 spiritus,
287 171 336 214 puta
352 163 373 200 in
389 162 472 200 casibus
489 174 635 211 nonnunquam
652 163 820 202 intricatioribus
835 164 902 201 resol-

96 228 177 272 vendis,
189 228 210 265 in
222 227 288 265 dubiis
301 222 422 269 eximendis,
434 225 455 261 in
468 224 561 261 consiliis
574 222 645 261 dandis
659 231 706 270 etc,
719 225 755 262 sed
768 223 831 261 dehis
839 224 902 261 ornni·

96 289 136 325 bus
159 300 196 325 suo
219 288 264 324 loeo
276 290 359 334 agetur.
371 283 418 322 Hoc
430 283 521 320 sufficiet
531 283 675 331 recensuisse,
688 286 741 335 quod
754 284 903 323 S.Bernardus

96 348 118 386 iu
129 348 183 386 bane
194 359 238 384 rem
250 345 368 382 summatim
381 343 495 392 expressit:
509 342 637 381 „Prudentia
655 352 688 383 cst
703 352 822 384 ceterarum
837 345 903 382 virtu·

98 415 141 446 tuin
158 405 288 445 moderatrix
305 405 461 453 ordinatrixque
480 404 603 448 affectuum,
621 411 642 442 et
658 418 739 443 morum
754 405 847 450 doctrix,
866 417 905 455 qua

99 469 186 512 sublata,
198 466 267 503 virtus
279 478 319 503 uon
328 466 372 513 jam
383 465 458 509 virtus,
471 464 508 501 sed
524 463 606 515 vitium
614 464 661 502 erit.
681 466 789 505 Discretio
804 465 905 517 siquidem

99 529 152 567 omni
162 527 237 565 virtuti
249 527 342 566 ordinem
353 525 418 575 ponit,
430 525 480 562 ordo
493 525 575 563 modum
588 525 668 571 tribuit,
682 533 702 564 et
714 528 818 574 decorem,
831 534 851 566 et
858 540 904 578 per·

97 588 231 640 pctuitatem”
246 588 271 637 ¹).

305 717 377 772 ldedia
391 718 541 790 acquirendae
554 719 693 789 prudentiae.

173 848 191 902 ξ.
205 844 436 888 1T.Adneeessariartt
452 847 512 896 hujus
528 847 651 897 prudentiae
670 849 771 888 virtutem
786 862 908 901 comparan-

99 913 146 952 dam
157 911 272 962 requiritur
286 916 332 948 ante
346 910 420 956 onmia,
432 916 456 947 ut
468 909 612 947 confessarius
624 910 649 948 ob
662 912 734 949 oculos
745 911 910 962 semperhabeat

99 975 162 1014 finem
173 973 275 1018 altiorem,
287 971 308 1009 in
321 984 381 1022 quem
392 970 543 1022 poenitentium
555 971 699 1010 confessiones
707 974 795 1024 excipit:
810 974 909 1013 nimirum

53 1023 54 1027 Ἰ
102 1037 166 1081 illum,
179 1034 212 1086 qui
223 1034 243 1071 in
254 1033 296 1071 Dei
308 1034 398 1085 gloriam
409 1033 554 1083 hominumque
566 1033 655 1071 salutem
667 1034 733 1072 tendit
744 1048 768 1072 eo
786 1036 839 1085 ipso,
857 1037 910 1087 quod

105 1097 229 1137 autariatas
243 1095 367 1133 aberrantes
378 1096 423 1133 Deo
436 1095 563 1140 lucrifaciat,
576 1101 612 1132 aut
628 1096 728 1135 coelestia
745 1097 846 1136 solamina
864 1110 909 1136 cor-

105 1160 164 1198 dibus
177 1169 255 1209 angore
268 1164 289 1194 et
303 1169 399 1195 incerare
416 1156 517 1196 confectis
535 1157 629 1194 instillet.
653 1157 692 1195 Ubi
709 1158 763 1196 enim
778 1159 808 1196 illi
825 1166 910 1198 sanctus

105 1221 152 1259 finis
164 1220 230 1264 abest,
241 1219 271 1256 ibi
281 1219 391 1269 prudentia
403 1230 482 1269 quoque
499 1218 555 1256 nulla
574 1224 607 1255 est
621 1219 719 1268 spiritus,
735 1232 787 1269 quae
805 1221 829 1258 ad
847 1222 912 1259 vitam

106 1283 169 1327 ducit,
181 1281 218 1319 sed
229 1280 340 1330 prudentia
352 1287 431 1318 tantum
443 1280 521 1325 carnis
535 1292 586 1329 quac
599 1292 656 1317 mors
673 1287 712 1326 est,
724 1281 810 1331 Deoque
822 1282 911 1321 inimica.

107 1344 150 1393 Quo
162 1342 228 1393 pluris
240 1349 314 1379 nostra
325 1342 415 1379 interest
427 1342 527 1392 quoddam
539 1342 595 1379 vitae
608 1341 739 1392 quotidianae
751 1344 869 1394 negotium,
889 1357 913 1382 eo

106 1405 180 1453 maj0ri
191 1404 268 1441 utimur
280 1404 468 1453 circumspectione
480 1404 501 1441 in
514 1402 615 1454 eligendis
627 1403 683 1440 illius
694 1404 817 1452 perficiendi
827 1405 913 1451 mediis:

105 1467 159 1505 idem
172 1465 234 1503 etiam
245 1465 266 1502 in
273 1477 334 1503 sacro
341 1465 486 1503 Paenitentiae
492 1464 667 1503 administrandae
677 1465 762 1516 negotio
769 1466 846 1504 valebit
854 1467 912 1513 adeo,

106 1534 135 1574 ut,
149 1539 187 1577 quo
199 1526 266 1575 major
279 1533 312 1565 est
323 1527 391 1565 sancti
402 1527 458 1564 illius
470 1526 517 1564 finis
531 1525 655 1576 assequendi
671 1527 740 1572 ardor,
756 1526 795 1566 hoc
813 1529 913 1579 sagacirts

108 1589 136 1627 sit
147 1588 237 1627 studium
249 1588 373 1638 optimorum
385 1588 410 1626 ad
422 1600 468 1626 eum
487 1587 619 1626 obtinendum
636 1587 751 1626 mediorum
770 1589 914 1640 eligendorum
968 1631 971 1636 ,

109 1657 130 1688 et
140 1650 315 1700 applicandorum.
339 1649 408 1698 Quare
425 1661 465 1687 non
482 1649 586 1687 immerito
602 1654 688 1687 sanctus
706 1648 741 1687 ille
758 1650 821 1688 ardor
837 1663 914 1700 parens

108 1712 229 1762 prudentiae
240 1718 335 1750 vocatur.

181 1769 201 1811 2.
213 1773 303 1811 Praeter
315 1773 432 1817 scientiam,
445 1785 456 1810 a
468 1785 507 1823 qua
520 1772 637 1811 decisiones
650 1784 699 1810 suas
711 1775 914 1824 imituaturpruden-

109 1835 144 1880 tia,
156 1835 271 1884 requiritur
282 1835 303 1872 in
316 1835 446 1874 confessario
459 1833 572 1872 atarto-aes
584 1836 663 1871 arceatis
675 1833 771 1884 bonitas,
788 1841 810 1872 ut
825 1837 915 1884 prudens

111 1895 193 1941 evadat3
211 1902 232 1933 et
251 1896 332 1945 quidem
348 1898 373 1943 α)
388 1899 463 1934 rectus
474 1896 557 1944 judeca
573 1902 665 1944 sensate,
684 1901 706 1932 ut
723 1896 830 1946 negotium
848 1909 872 1934 ea
891 1909 916 1934 ex

110 1963 176 2009 parte,
188 1968 228 2006 qua
240 1969 291 2007 opus
304 1963 343 2002 est,
356 1957 490 2006 suscipiatur,
507 1962 528 1993 et
543 1968 578 1993 res
597 1956 748 2004 concipiantur,
764 1957 836 2006 quales
855 1964 904 1995 sunt
910 1972 916 2003 ;

110 2016 135 2068 β]
146 2020 293 2068 perspicacia,
306 2024 329 2055 ut
340 2030 411 2055 omnes
429 2018 565 2055 advertantur
581 2016 760 2062 circumstantiae,
779 2029 831 2067 quac
848 2018 915 2068 aliquo

110 2079 131 2115 in
144 2078 226 2128 negotio
239 2078 403 2116 considerandae
416 2084 470 2124 sunt,
483 2085 504 2116 et
514 2078 635 2127 praesentia
652 2077 791 2114 obversentur
807 2079 917 2127 principia,

112 2150 164 2188 quae
176 2138 264 2189 singulis
275 2139 316 2176 illis
330 2139 494 2177 circumstantiis
506 2137 693 2188 suntapplicanda3
706 2138 796 2176 utfacile
804 2139 914 2187 expedian-

112 2206 146 2237 tur
159 2199 244 2237 cousilia
256 2206 330 2237 contra
342 2200 419 2246 obices,
432 2200 467 2250 qui
478 2200 616 2238 adversantur
623 2213 629 2244 3
646 2205 669 2237 ut
681 2198 785 2237 evitentur
801 2199 853 2236 vitia
869 2199 917 2238 hinc

112 2259 160 2297 inde
172 2266 252 2297 aretum
262 2260 348 2298 virtutis
360 2262 465 2299 tramitem
477 2260 604 2298 obsidentia:
616 2261 638 2309 y]
651 2260 753 2310 efficacia
765 2262 832 2309 edelr,
844 2265 868 2298 ut
879 2260 917 2298 fal·

112 2320 192 2359 lacibus
209 2322 390 2372 concupiscentiae
408 2329 428 2361 et
444 2322 491 2361 vitii
505 2320 726 2375 argumentationibus,
738 2321 863 2368 resistatur,
879 2334 918 2360 uec

113 2382 179 2433 primo
193 2382 258 2421 cuivis
270 2385 356 2423 cedatur
369 2385 484 2430 obstaculo,
497 2385 533 2422 sed
545 2384 596 2422 forti
608 2384 674 2422 animo
687 2395 738 2433 opus
755 2383 780 2420 ad
794 2383 856 2421 finem
871 2396 918 2433 per-

115 2444 210 2483 ducatur.

188 2502 208 2544 3.
220 2506 324 2547 Praelatis
337 2516 424 2549 naturae
437 2509 519 2549 dotibus
531 2508 663 2549 sufficienter
681 2513 794 2547 exornatus
813 2508 919 2548 confessa-

114 2569 166 2614 rius,
178 2569 199 2606 in
211 2581 271 2608 sacro
284 2583 320 2610 suo
333 2585 419 2612 nmnere
431 2571 532 2612 retractam
543 2575 565 2611 el
573 2584 615 2625 pro
628 2574 715 2611 ratione
726 2572 806 2621 nepulit
817 2573 920 2609 convent-

114 2635 186 2671 entem
197 2632 395 2674 coacciderattonem
406 2635 502 2673 instituat
515 2647 593 2682 eorum,
606 2647 658 2685 quae
671 2633 752 2686 agenda
762 2633 797 2671 vel
809 2631 922 2671 omittenda

115 2699 171 2732 suut.
183 2693 228 2731 Una
239 2699 318 2733 tautum
330 2697 496 2742 circumstantia,
509 2698 527 2735 si
543 2709 584 2734 uon
600 2696 753 2741 consideretur,
771 2694 823 2733 satis
839 2700 880 2740 cst,
899 2701 922 2733 ut

115 2762 159 2795 tota
172 2755 226 2794 actio
239 2766 391 2808 corrumpatur,
404 2767 424 2800 et
435 2759 571 2799 temerarium
584 2758 662 2798 efficiat
673 2771 727 2803 eum,
740 2757 774 2808 qui
785 2757 841 2794 illam
854 2756 921 2808 dispo-

140 2895 155 2935 1)
169 2893 234 2933 Serm.
248 2893 279 2927 49.
293 2892 312 2925 in
326 2891 382 2925 Cant.
