2056 3193
105 77 134 121 32

106 194 164 232 sario
175 193 206 231 illi
218 194 299 233 officio:
318 191 399 231 „Vince
411 197 432 229 te
443 189 523 242 ipsum''
535 191 634 229 insistere
646 191 737 241 poterit?
757 192 861 242 Quomodo
874 191 908 229 ob-

106 255 172 294 viabit
189 256 332 293 nonnullorum
347 253 456 291 inferioris
471 259 491 290 et
506 253 587 291 altioris
600 253 724 291 conditionis
735 254 836 293 laicorum
847 265 908 303 prae-

103 316 194 365 judici0,
213 314 355 355 confessarius
370 315 392 353 vi
408 314 499 352 rnuneris
516 315 585 352 teneri
597 313 622 353 ad
632 320 711 353 tantam
723 317 868 360 severitatem,
886 320 910 352 ut

106 379 165 428 plebs
183 378 322 415 coerceatur?
344 377 365 414 ni
381 377 425 425 ipse
442 376 463 412 in
478 375 532 412 omni
543 376 645 414 virtutum
661 388 739 428 genere
752 379 850 421 emineat,
871 382 910 415 „ut

107 440 213 489 perfectus
230 436 328 475 sithonio
340 438 382 476 Dei
393 437 418 474 ad
430 448 488 473 omne
500 449 551 486 opus
563 438 639 475 bonum
649 438 779 476 instruetus’'
789 438 814 487 ¹).
838 439 909 477 „Bene

107 498 192 537 vivendo
205 504 226 535 et
236 498 289 536 bene
302 500 392 538 docendo
403 498 499 547 populum
510 498 609 544 instruis,
628 499 728 549 quomodo
740 499 815 538 debeat
825 500 896 537 vivore
903 513 909 543 3

106 561 158 599 bene
170 565 239 597 autem
251 560 342 599 docendo
354 566 375 597 et
387 559 439 596 male
451 558 549 604 vivendo,
566 561 635 598 Deum
646 560 746 605 instruis,
764 561 863 611 quomodo
876 560 909 597 de-

106 621 154 658 beat
165 626 185 657 te
199 620 381 667 condernna1·e’'²].
402 619 456 668 Quot
466 620 533 671 igitur
545 621 568 658 de
582 621 651 659 causis
663 627 746 660 tenetur
759 621 910 665 confessarius,

107 689 180 720 sancte
191 683 256 720 vitam
267 683 389 721 traducere!

180 745 208 781 At
218 756 268 782 vero
281 756 380 794 quaenam
391 742 513 793 singillatim
524 743 544 780 in
557 744 687 782 confessario
700 745 848 789 sanctimonia,
864 745 910 782 dnm

106 804 251 843 Paenitentiac
263 804 395 842 administrat
407 803 573 850 Sacramentum,
586 805 716 855 requiritur?

181 868 204 913 a]
222 868 241 904 Α
251 865 333 903 lethalis
344 865 427 915 peccati
438 865 483 903 labe
496 866 607 904 innmmem
619 878 666 904 esse
678 867 739 905 decet
751 867 910 906 confessarium.

108 928 170 967 Licet
187 927 240 965 enim
258 940 269 964 a
286 926 378 964 ministri
394 926 506 973 sanctitate
525 933 706 966 sacramentorum
724 930 811 967 effectus
828 928 911 966 minime

109 988 230 1039 dependeat,
242 988 279 1026 sed
291 1000 317 1026 ex
328 988 379 1026 solis
391 987 472 1025 meritis
484 987 537 1025 Jesu
550 988 637 1033 Christi,
649 989 781 1028 nihilominus
793 1002 869 1040 nragna
880 989 911 1025 in-

109 1050 199 1101 dignitas
216 1056 248 1087 est
259 1049 425 1099 horrendumque
437 1049 583 1100 sacrilegium,
601 1050 664 1100 quod,
680 1051 714 1100 qui
724 1052 802 1101 repulit
813 1051 911 1103 gratiam,

109 1111 162 1150 hanc
180 1111 227 1148 aliis
246 1111 335 1162 elargiri
353 1110 469 1166 contendat.
495 1111 607 1149 Peccatori
623 1111 675 1148 dixit
691 1113 761 1149 Dens:
785 1112 872 1161 „Quare
890 1118 912 1158 tu

110 1185 196 1211 enarras
205 1172 299 1221 justitias
311 1185 376 1217 meas,
389 1178 410 1209 et
421 1172 510 1209 assumis
522 1178 671 1210 testamentum
681 1185 750 1211 meum
761 1186 799 1223 per
809 1186 832 1211 os
840 1175 912 1210 tuum?

108 1235 202 1285 Arguam
217 1239 238 1270 te
253 1240 274 1270 et
289 1240 379 1271 statuam
394 1239 468 1270 contra
478 1233 557 1283 *faciem
568 1241 631 1271 tuam.
643 1256 673 1261 -
684 1256 713 1261 —
727 1235 841 1285 Intelligite
852 1233 912 1278 haec,

110 1295 144 1344 qui
155 1294 301 1331 obliviscimini
311 1296 385 1345 Deum,
398 1306 423 1330 ne
436 1294 514 1343 quando
526 1295 601 1343 rapiat,
614 1300 635 1331 et
645 1306 685 1331 non
698 1295 731 1340 sit,
744 1295 779 1345 qui
791 1294 877 1345 eripiat¹⁵
885 1291 912 1341 ³).

111 1355 241 1405 Quapropter
257 1355 275 1392 si
291 1354 432 1393 confessarius
447 1354 503 1391 intra
514 1366 537 1391 se
548 1360 657 1404 peccalum
669 1367 734 1405 grave
747 1355 913 1405 deprehenderit,

109 1427 135 1453 ne
148 1416 235 1453 afferrat
247 1416 271 1453 ad
283 1414 482 1453 administrationem
490 1415 595 1452 salutiferi
600 1414 661 1463 hujus
669 1417 797 1454 sacramenti
805 1415 913 1455 conscien-

109 1476 159 1514 tiam
171 1477 303 1531 maculatam,
315 1489 380 1526 neque
393 1475 483 1513 sordidis
496 1476 590 1513 manibus
602 1475 805 1525 dispensetdivinam
814 1476 913 1528 gratiam,

110 1538 171 1575 debet
183 1537 264 1574 onmino
277 1536 418 1575 conscientiae
429 1536 492 1587 plaga
503 1536 570 1585 primo
582 1537 654 1574 sanari
665 1549 702 1586 per
715 1537 868 1575 confessionem
880 1549 913 1574 sa·

111 1598 259 1638 crarnentalem
274 1599 308 1635 vel
325 1611 363 1647 per
380 1597 537 1642 contritionem,
555 1610 581 1635 ne
599 1604 688 1649 cogatur
703 1598 785 1637 Judicis
798 1599 831 1636 sui
843 1597 914 1636 audire

111 1672 203 1699 amaram
214 1659 392 1709 reprobationem:
406 1658 508 1703 aallledice,
521 1671 572 1697 cura
583 1665 604 1697 te
615 1658 702 1708 ipsum.’'

183 1722 208 1770 b)
225 1721 295 1759 Debet
308 1721 329 1759 in
340 1720 425 1759 virtutis
439 1720 500 1770 praxi
514 1720 648 1759 confirmatus
661 1733 709 1759 esse
720 1727 806 1771 propter
817 1721 914 1773 ingentes

111 1784 248 1827 tentationes,
264 1783 336 1833 quibus
347 1783 386 1822 hoc
398 1783 455 1819 illum
468 1782 539 1830 objicit
549 1782 696 1820 ministerium.
718 1783 790 1833 Neque
802 1783 856 1821 enim
868 1795 914 1821 cor-

110 1852 184 1897 ruptus
200 1846 236 1882 air
252 1844 351 1889 cubiculi,
370 1843 404 1882 ubi
415 1843 459 1892 jam
474 1843 508 1881 diu
524 1855 589 1894 aeger
600 1842 679 1894 phthisi
690 1844 841 1883 contabescens
850 1843 915 1893 jacet,

111 1908 179 1959 magis
192 1906 277 1956 corpori
287 1905 418 1956 periculosus
430 1911 470 1950 est,
483 1917 543 1955 quam
553 1904 637 1955 spiritui
646 1905 916 1956 quorundampeooatorum

112 1968 225 2008 enarratio.
240 1968 308 2020 Igitur
320 1968 339 2006 si
350 1968 381 2006 illi
392 1973 478 2012 tantum,
491 1966 563 2017 quibus
575 1967 916 2018 robustumesttemperamentum

112 2038 133 2071 et
144 2031 221 2082 optima
231 2031 338 2075 valetudo,
358 2029 429 2081 aegris
441 2028 535 2067 assidere
546 2034 644 2079 possunt,
661 2041 732 2067 eorum
744 2036 860 2069 attrectare
871 2030 916 2067 vnl-

111 2107 170 2139 nera,
182 2099 203 2131 et
215 2092 313 2132 cumillis
324 2091 411 2136 niorari,
423 2091 471 2142 quin
483 2103 554 2129 eorum
566 2092 623 2129 salus
634 2091 656 2129 in
667 2091 783 2141 periculum
795 2091 916 2137 adducatur,

112 2155 217 2194 fatendum
233 2161 266 2192 est
279 2154 411 2198 necessario,
430 2153 477 2190 illos
492 2158 572 2190 tantum
588 2153 642 2191 citra
657 2153 730 2190 salutis
747 2160 845 2192 aeternae
861 2153 916 2203 peri·

114 2218 181 2256 culum
197 2229 275 2268 regere
291 2228 355 2266 posse
370 2215 477 2253 ulceratas
496 2213 651 2259 conscientias,
670 2214 705 2264 qui
721 2214 800 2253 diutina
816 2216 917 2253 bonorum

114 2291 199 2329 operum
216 2277 367 2317 exercitatione
384 2288 432 2314 sese
450 2275 609 2328 diligentissime
625 2276 646 2314 in
660 2276 739 2314 virtute
754 2276 876 2315 solidarunt.
888 2298 918 2305 —

115 2340 154 2388 Qut
168 2347 228 2378 antea
243 2353 290 2379 cum
304 2339 393 2377 horrore
410 2338 545 2376 tentationem
560 2338 687 2389 repellebat,
704 2338 759 2376 hanc
775 2350 815 2376 non
830 2338 918 2388 amplius
1012 2352 1014 2355 ’

114 2402 243 2447 reformidat,
254 2402 289 2440 ubi
300 2400 356 2440 videt
363 2400 446 2445 malum,
459 2400 511 2450 quod
519 2400 559 2438 sibi
566 2399 673 2444 suadetur,
686 2400 779 2449 exemplo
787 2412 827 2438 non
835 2412 918 2445 carere,

115 2468 137 2500 et
147 2463 253 2501 dummodo
264 2463 370 2514 paululum
381 2474 459 2512 pronus
472 2462 506 2506 sit,
519 2474 555 2499 eos
567 2460 741 2510 objicietpudoris
750 2473 832 2507 sensus,
845 2461 918 2511 quihus

116 2525 259 2569 coercebatur,
279 2525 297 2563 si
313 2537 363 2575 quos
379 2522 492 2568 invenerit,
511 2523 545 2573 qui
555 2522 613 2561 illum
623 2520 735 2572 impellant.
757 2524 788 2561 An
800 2524 866 2575 igitur
878 2535 918 2561 non

115 2584 191 2624 eximia
206 2585 335 2625 confessario
349 2586 418 2624 virtus
436 2591 456 2623 et
472 2585 554 2623 bonitas
569 2584 651 2622 videtur
667 2596 715 2622 esse
726 2583 849 2628 necessaria
861 2590 918 2623 tanto

114 2645 197 2686 nmneri
214 2648 361 2697 exsequendo?
384 2647 496 2685 Excellens
515 2659 565 2684 sane
583 2645 623 2684 fuit
640 2646 747 2684 Jeremiae
766 2645 880 2690 sanctitas,
899 2652 920 2684 et

114 2716 192 2753 tamen,
204 2720 250 2746 eum
260 2708 317 2746 illum
327 2711 385 2748 Deus
394 2709 480 2758 juberet
491 2708 615 2746 familiarius
628 2720 693 2759 agere
707 2706 919 2757 compeccatoribus,

114 2781 229 2810 memorem
241 2781 288 2807 esse
299 2770 373 2816 voluit,
385 2783 410 2809 ne
423 2770 469 2809 dum
482 2782 517 2809 eos
530 2770 624 2808 studeret
636 2781 725 2820 capere,
743 2768 832 2818 ipsemet
842 2769 920 2818 praeda

115 2859 312 2869 .....-------

140 2903 320 2950 ¹)11.Tim.111.17.
331 2922 352 2928 —
362 2901 376 2948 2)
387 2902 443 2938 both.
454 2914 483 2948 op.
494 2903 539 2948 imp.
549 2903 605 2938 Hom.
615 2903 645 2937 ld.
655 2921 679 2927 -
687 2898 702 2946 ³)
712 2899 920 2937 Psat1n.xmx.1o.2a
