2017 3193
877 91 930 139 ,265

122 219 200 267 potest,
213 211 266 263 quod
277 211 356 264 legitur
368 213 391 252 de
404 211 505 262 Giezi¹]‚
518 214 551 265 qui
562 213 615 253 hone
628 213 652 252 ob
666 224 751 253 eausam
770 210 829 260 lepra
843 220 929 259 pereus-

124 290 160 315 sus
173 281 218 320 est;
234 274 284 312 item
300 287 357 314 mors
375 276 469 315 Ananiae
487 281 507 313 et
525 274 671 325 Saphyrae²);
689 274 762 313 infelix
780 272 842 310 etiam
862 271 930 309 Judae

123 337 237 388 proditoris
248 333 267 385 ³]
279 337 346 376 exitus
359 351 404 378 eum
416 337 487 376 multis
499 337 553 382 aliis,
565 337 630 386 quiin
643 338 749 388 scopulum
761 335 823 385 hujus
836 333 930 373 criminis
952 334 957 347 ¹

123 398 209 449 impacti
219 397 351 451 naufragium
363 400 467 438 fecerunt.

197 459 265 498 Date·
277 474 357 512 canoro,
370 474 396 498 ne
409 473 445 499 cor
457 471 517 497 suum
530 458 607 496 divitiis
620 458 703 496 affixum
716 466 786 497 teneat
798 465 873 498 contra
888 469 931 495 mo·

123 522 188 559 ultum
206 522 329 572 prophetae:
349 523 455 563 „Divitiae
477 521 496 557 si
514 519 612 564 affluant,
638 520 700 557 nolite
720 532 756 558 cor
775 517 930 570 adponere⁵'⁴],

125 583 208 621 eaedem
221 585 398 622 considerationes
410 583 491 620 utiliter
503 581 684 629 praescribentur,
697 581 769 631 quibus
782 588 802 618 et
820 582 872 619 aliae
888 594 930 619 ma-

125 646 158 697 gis
171 652 312 695 competentes
326 645 410 694 adjungi
421 649 529 693 poterunt,
549 648 609 692 puta:
625 654 675 691 opes
690 654 793 692 nunquam
808 643 930 698 xsatietatem

125 706 215 751 adferre,
228 707 264 744 sed
276 720 287 745 e
299 713 381 749 contra,
394 717 433 754 quo
444 704 490 754 plus
503 710 615 755 augentur,
627 715 651 741 eo
663 703 731 755 magis
743 703 832 741 habendi
844 703 900 741 sitim
912 710 932 741 et

103 797 112 812 ῃ
125 768 243 806 aviditatem
256 767 380 809 accendere,
392 766 484 815 adeoque
497 766 570 803 merito
583 765 665 802 divitias
678 765 797 813 comparari
809 776 874 814 aquae
892 765 932 801 sal-

125 842 168 875 sae,
180 841 232 879 quae
245 841 290 866 eum
303 827 389 864 deberet
401 826 456 864 sitim
469 826 612 878 exstinguere,
624 826 692 877 magis
701 838 745 863 eam
758 826 865 870 accendit:
878 837 933 862 sum-

124 903 177 929 mam
190 889 275 940 proinde
287 888 396 926 stultitiam
409 900 464 932 esse,
477 888 579 926 desiderio
592 887 644 925 ferri
655 887 675 925 in
686 887 714 932 id,
727 887 779 938 quod
790 887 889 936 majorem
898 887 932 925 do·

124 953 189 989 lorem
203 963 227 988 ac
239 950 354 987 cruciatum
366 960 417 997 prae
429 961 452 986 se
464 949 512 986 fert.

197 1010 312 1048 Plurimum
324 1010 385 1048 etiam
397 1010 498 1059 proderit,
511 1011 529 1047 si
540 1011 650 1060 poenitens
663 1022 739 1047 avarus
748 1010 848 1058 jubeatur
859 1009 933 1046 identi-

125 1075 170 1111 dem
182 1071 292 1109 reeordari
304 1071 386 1116 mortis
399 1083 450 1120 quae
463 1072 556 1109 omnibus
568 1071 627 1109 hisee
638 1070 735 1108 fortunae
752 1071 825 1116 bonis,
845 1071 933 1107 inaximo

124 1135 196 1171 labore
208 1131 282 1180 partis,
295 1137 315 1167 et
327 1131 388 1169 anxia
400 1131 538 1170 sollicitudine
551 1132 651 1175 seruatis,
662 1143 801 1180 possessores
813 1143 862 1168 suos
875 1130 934 1168 brevi

125 1192 231 1236 destituet,
246 1191 307 1239 juxta
318 1192 368 1230 illud
385 1193 492 1241 Apostoli:
512 1192 580 1231 „Nihil
598 1192 705 1230 intulimus
722 1192 742 1229 in
757 1192 812 1229 hune
831 1191 934 1234 mundum,

125 1252 179 1291 haud
191 1252 281 1296 dubium,
294 1253 346 1301 quod
358 1265 397 1290 nec
410 1253 494 1290 auferre
507 1254 554 1302 quid
566 1253 684 1302 possirnus”
692 1251 718 1300 ⁵).
735 1253 829 1291 ‚stultu
848 1251 886 1289 hae
898 1264 934 1288 no-

126 1320 158 1351 ete
171 1313 258 1350 animam
271 1306 328 1350 tuam
339 1320 435 1363 repetent
453 1321 510 1358 ate,
530 1321 550 1351 et
562 1326 613 1364 quae
630 1313 720 1364 parasti,
739 1314 798 1362 cujus
816 1319 877 1350 erunt
886 1311 933 1360 ⁶]?”

127 1375 169 1412 Gur
181 1386 233 1424 ergo
245 1380 303 1411 tanta
315 1375 413 1411 aviditate
426 1376 572 1420 corraduntur,
589 1374 734 1412 custodiuntur
747 1386 806 1423 opes,
823 1386 874 1423 quae
892 1380 934 1410 tarn

126 1434 226 1474 celeriter
238 1434 340 1479 diffluent,
353 1441 373 1472 et
385 1436 431 1472 aliis
442 1435 595 1485 relinquentur,
608 1435 641 1484 qui
654 1447 690 1472 eas
702 1447 739 1483 pro
751 1435 811 1472 libitu
823 1446 859 1471 suo
873 1446 934 1471 usur·

124 1496 210 1544 pabunt,
223 1501 243 1531 et
253 1495 359 1532 insument
370 1495 469 1532 fortassis
486 1496 507 1532 in
527 1496 606 1532 animae
625 1508 675 1532 suae
691 1495 805 1544 perniciem
825 1495 935 1544 sempiter-

126 1568 180 1600 nam,
192 1555 279 1593 irrisuri
291 1556 354 1593 etiam
366 1568 410 1600 eos,
423 1569 434 1593 a
446 1556 520 1605 quibus
532 1556 619 1594 relictae
632 1555 698 1593 fuere.

199 1616 284 1653 Utiliter
300 1628 379 1666 quoque
396 1617 540 1654 confessarius
555 1617 663 1667 injunget,
685 1623 708 1653 ut
722 1615 830 1664 poenitens
851 1617 935 1665 saepius

127 1677 193 1714 animo
205 1676 275 1714 volvat
286 1677 451 1714 inaestimabiles
469 1683 490 1714 et
504 1677 676 1727 incorruptibiles
694 1675 807 1715 thesauros
824 1677 935 1721 coelestes,

126 1749 177 1787 quos
189 1749 255 1787 neque
268 1737 326 1774 fures
339 1738 445 1781 effodiunt,
458 1750 524 1788 neque
536 1739 592 1775 tinea
604 1738 724 1781 demolitur,
743 1750 781 1775 nee
794 1750 874 1788 aerugo
888 1750 935 1776 con·

126 1798 200 1843 sumit3
213 1798 247 1848 qui
259 1798 282 1835 ad
296 1799 363 1836 omnia
375 1805 423 1836 sunt
434 1799 510 1844 utiles,
528 1800 601 1849 quibus
619 1811 671 1837 vera
685 1798 791 1836 beatitudo
810 1805 830 1836 et
848 1811 936 1850 regnum

127 1860 219 1898 eoeleste
232 1859 307 1896 emitur
312 1874 318 1904 3
331 1860 364 1910 qui
376 1860 433 1898 facili
444 1860 516 1897 labore
529 1860 673 1910 acquiruntur,
686 1872 731 1898 cum
744 1872 820 1910 magno
828 1860 903 1898 solatio
916 1866 937 1897 et

127 1920 243 1959 securitate
258 1920 406 1969 possidentur,
426 1927 446 1958 et
463 1934 509 1960 cum
527 1921 669 1971 inexplicabili
685 1921 791 1970 voluptate
809 1921 830 1958 in
849 1921 938 1959 alterum

126 1981 222 2019 mundum
236 1981 359 2027 evehuntur,
376 1994 462 2031 quorum
475 1983 630 2032 comparatione
642 1981 692 2019 nihil
705 1983 786 2019 omnino
806 1988 854 2019 sunt
866 1995 937 2019 omnes

126 2042 201 2091 ubique
212 2048 318 2080 terrarum
331 2054 387 2092 opes.
404 2045 432 2081 Et
443 2041 483 2082 hoe
496 2049 538 2089 est,
551 2044 604 2094 quod
617 2057 628 2082 a
640 2043 663 2082 S.
677 2043 784 2094 Gregorio
801 2042 877 2081 dietum
896 2049 937 2081 est:

128 2103 167 2143 „si
185 2103 349 2150 consideremus,
363 2104 436 2154 inquit,
455 2117 506 2155 quae
519 2112 540 2143 et
556 2111 632 2155 qrranta
647 2112 695 2143 sunt
710 2104 814 2153 promissa
829 2105 849 2142 in
865 2104 937 2149 coelis,

125 2165 230 2203 vilescunt
242 2165 309 2203 animo
323 2165 399 2211 omnia,
411 2179 464 2216 quae
475 2165 579 2204 habentur
589 2167 610 2205 in
622 2167 687 2205 terris
695 2165 720 2213 τ).
733 2166 778 2204 Hos
789 2178 840 2203 vero
853 2164 937 2204 thesau-

126 2240 162 2266 ros
182 2228 285 2266 coelestes
304 2239 344 2283 nori
363 2227 491 2266 inhiantibus
510 2229 602 2267 terrenis
624 2229 715 2272 divitiis,
739 2228 775 2265 sed
792 2234 937 2277 paupertatem

127 2289 243 2328 astantibus
254 2289 351 2339 promisit
361 2290 470 2328 Dominus.
485 2291 567 2336 „Beati
578 2291 651 2341 inquit,
663 2303 709 2329 non
720 2290 797 2328 diuites
803 2318 810 2339 ,
830 2290 872 2327 sed
887 2303 937 2340 pau·
960 2299 965 2304 ‘

126 2364 188 2402 peres
201 2351 283 2401 spiritu,
296 2351 392 2401 quoniam
403 2352 497 2400 ipsorum
509 2358 542 2389 est
553 2364 642 2403 regnum
655 2351 781 2390 coelorum?
794 2353 822 2389 Et
834 2359 937 2390 econtra:

128 2412 202 2452 „Vaeh
213 2413 280 2458 vobis,
293 2412 330 2458 ait,
343 2412 447 2457 divitibus,
461 2413 508 2463 quia
518 2412 600 2451 habetis
608 2413 641 2452 hic
650 2414 815 2451 consolationem
822 2414 937 2452 vestram.”

129 2474 233 2514 „Facilius
245 2481 284 2520 est,
298 2475 399 2513 camelum
412 2475 506 2523 (funem)
524 2487 562 2524 per
578 2475 672 2513 foramen
690 2488 740 2514 aeus
756 2475 861 2521 transire,
878 2489 938 2526 qutun

120 2526 211 2573 'divitem
223 2537 303 2574 intrare
315 2537 335 2573 in
348 2549 436 2587 regumn
450 2533 606 2584 eoe101·um’⁷⁸]‚

199 2598 291 2636 Maxime
302 2610 354 2636 vero
366 2598 476 2649 opulentis
490 2602 512 2636 et
526 2598 628 2637 divitibus
643 2601 719 2637 {rostris
736 2612 773 2649 pro
793 2599 938 2637 satisfactione

126 2656 207 2710 injungi
219 2659 287 2705 debet,
299 2666 322 2698 ut
334 2661 478 2709 eleemosynas
491 2667 587 2712 erogent.
601 2659 658 2709 Quod
671 2661 780 2710 aliquando
789 2661 836 2698 fieri
844 2667 937 2711 ternpore

128 2757 292 2769 ἣ-

151 2811 167 2854 1)
176 2813 208 2845 IV.
218 2816 266 2857 Reg.
276 2818 300 2849 Vr
310 2819 339 2850 26.
349 2819 379 2850 27.
389 2836 414 2840 -
423 2821 438 2856 ²)
449 2818 492 2850 Act.
502 2817 525 2849 V.
535 2819 553 2850 3.
563 2837 586 2841 -
598 2820 624 2850 lo.
635 2836 658 2841 —
667 2821 683 2858 ³)
694 2819 735 2853 Act.
745 2819 760 2850 I.
772 2819 800 2850 18.
808 2836 832 2840 —
841 2820 856 2853 ⁴)
866 2817 937 2849 Psalm.

175 2862 320 2951 Jffidl'vp—g}
329 2866 508 2949 Ιῐυὶὲξῐίἷιηὲὰῖῖῐ
517 2869 533 2905 6)
543 2867 638 2900 ιηο.ΧΙΙ,
646 2869 676 2900 to.
686 2886 707 2890 -
717 2870 735 2905 ⁷)
745 2866 937 2909 Horn.37.inEvang.
