2056 3193
168 121 213 163 122

168 249 206 278 sua
218 234 365 290 explicaverit,
383 246 504 290 omnemque
519 235 582 276 animi
593 234 626 277 sui
637 240 715 276 statum
727 235 876 290 explanaverit.
889 233 972 276 Utrum-

169 315 207 352 que
218 314 256 351 per
267 314 289 337 se
301 306 411 348 promanat
418 313 444 338 ex
456 301 534 350 triplici
545 313 630 339 munere
635 300 731 351 judicis,
744 302 822 340 medici
833 309 854 340 et
866 301 971 349 doctoris,

169 374 207 410 quo
218 362 238 397 in
256 371 316 396 sacro
332 360 433 397 tribunali
447 362 591 399 confessarius
606 360 706 410 fungitur.
723 362 810 400 Accedit
821 374 884 399 arnor
895 360 938 399 Dei
954 366 975 397 et

166 421 277 470 proximi,
294 429 333 466 quo
353 419 436 457 scilicet
452 421 539 457 abusum
554 432 628 457 sacrae
639 419 756 469 Religionis
773 431 873 468 omneque
888 421 974 458 sacrile-

168 479 224 532 gium
231 490 268 529 pro
276 477 333 517 virili
344 479 444 530 impedire
452 480 556 530 jubemur.
565 480 610 518 Hoc
617 479 766 531 poenitentium
776 492 862 518 examen
869 479 975 519 inculcant

169 541 224 582 sacri
237 542 333 583 Canoires
346 544 454 596 sanctique
466 545 548 584 Patres.
562 544 641 584 Canon:
662 542 748 584 „omnis
763 542 884 598 utriusque”
902 543 975 584 Conci-

166 606 189 642 lii
198 603 349 643 Lateranensis
360 606 397 643 IV.
406 607 444 643 sub
456 608 576 644 Innocentio
586 608 621 644 ΙΙΙ.
639 607 724 645 Summo
731 607 834 645 Pontifice
842 607 944 646 celebrati
955 607 974 643 id

168 676 180 700 a
192 665 322 701 confessario
340 665 411 702 verbis
429 666 492 702 claris
505 666 577 716 exigit.
592 666 712 704 „Sacerdos
728 666 756 702 sit
772 667 877 704 discretus
889 672 910 703 et
924 678 971 703 cau·

168 728 216 768 tus,
228 730 251 760 ut
262 735 319 760 more
330 723 393 772 periti
404 724 479 761 medici
490 725 649 773 superinfundat
660 727 728 762 oleum
740 731 760 762 et
771 726 841 762 vinum
850 725 972 762 vulneribus

169 783 281 833 sauciatis3
299 783 411 840 diligenter
422 784 530 840 inquirens
543 791 563 826 et
574 785 693 841 peccatoris
708 786 878 828 circumstantias
894 792 914 825 et
924 797 971 839 pec·

170 849 231 889 cati.’'

441 968 535 1022 llatcria
549 970 713 1038 quaestionum.

244 1094 262 1150 ξ.
275 1090 310 1136 85.
323 1096 356 1135 Ex
368 1094 429 1136 dictis
440 1095 461 1135 in
473 1096 581 1149 propatulo
594 1103 637 1144 est,
653 1109 694 1136 non
706 1110 802 1148 semper,
814 1102 834 1136 et
845 1096 865 1136 in
880 1099 974 1140 omnibus

171 1159 342 1209 interrogandum
355 1171 409 1196 esse.
421 1159 461 1196 Ubi
471 1160 568 1197 nimirum
584 1160 728 1197 confessarius
744 1173 770 1198 ex
783 1160 850 1208 ipsius
868 1164 974 1209 poeniten·

170 1219 198 1255 tis
210 1218 342 1255 confessione
357 1224 476 1265 etpeocata
490 1225 511 1255 et
527 1230 607 1255 omnem
626 1220 688 1255 animi
709 1226 786 1255 statum
798 1219 881 1269 integre
899 1234 974 1270 perno-

171 1277 223 1322 scit,
240 1288 326 1314 munere
345 1289 382 1314 suo
398 1277 509 1328 fungatur,
527 1278 600 1327 quippe
621 1289 685 1316 causa
705 1278 794 1327 alioquin
813 1280 909 1329 cognita,
928 1281 975 1331 quin

172 1338 327 1393 quaestionibus
342 1345 423 1391 tempus
441 1338 543 1380 inutiliter
559 1338 645 1392 perdat,
667 1346 702 1380 aut
719 1340 851 1380 confitentem
870 1341 974 1382 molestet.

173 1403 250 1454 Quodsi
268 1411 336 1443 autem
351 1404 476 1455 poenitentis
488 1406 522 1442 vel
531 1408 633 1455 peccota,
650 1405 683 1443 vel
700 1407 768 1444 entant
778 1408 863 1456 sterius,
878 1407 976 1446 videlicet

171 1467 288 1502 character
299 1466 405 1514 moralis,
419 1472 440 1502 et
451 1465 565 1514 dispositio
579 1478 604 1502 ex
615 1467 699 1514 propria
713 1467 779 1513 ipsius
792 1467 924 1504 confessione
936 1480 976 1504 non

172 1523 224 1561 satis
235 1530 329 1572 pateant,
347 1536 432 1561 examen
444 1525 569 1573 poenitentis
582 1537 593 1560 a
605 1525 735 1561 confessario
752 1525 881 1561 instituetur.
899 1527 932 1563 De
949 1526 975 1562 iis

172 1589 240 1624 autern
253 1584 346 1623 omuibus
358 1585 493 1638 interrogare
502 1584 562 1636 juvat
574 1590 595 1622 et
607 1590 699 1636 oportet,
717 1596 769 1637 quae
780 1584 835 1623 scitu
852 1586 977 1624 neccssaria

173 1655 221 1689 sunt
238 1650 263 1689 ad
277 1650 430 1702 procurandam
445 1650 593 1702 confessionis
608 1651 755 1700 intepritetem
771 1648 837 1701 quoad
846 1654 939 1703 peccate
955 1650 975 1690 in

173 1725 205 1756 se,
223 1718 284 1762 atque
303 1713 328 1750 ad
350 1713 481 1751 obtinendam
500 1713 526 1750 de
544 1715 674 1751 charactere
690 1712 772 1750 inoroti
794 1719 815 1750 et
833 1713 977 1763 dispositione

169 1774 302 1820 poenitentis
314 1773 453 1821 cognitionem
465 1774 614 1809 neeessariam.
631 1774 671 1808 Est
682 1774 736 1809 enim
749 1773 892 1809 confessarius
906 1774 976 1821 poeni·

171 1830 235 1868 tentis
247 1831 322 1879 judex,
339 1831 432 1870 medicus
445 1837 465 1868 et
482 1832 561 1869 doctor.
579 1830 630 1867 Utut
646 1830 699 1868 haec
711 1830 855 1880 quaestionum
873 1837 977 1868 momenta

171 1891 233 1934 facile
245 1905 268 1933 se
280 1893 381 1941 offerant,
393 1900 463 1934 tamen
475 1893 500 1933 ob
512 1892 545 1933 rei
556 1891 696 1947 gravitatem,
708 1891 728 1931 in
741 1890 869 1932 commodum
881 1897 977 1943 tyronum

171 1958 360 2005 confessariorum,
376 1958 526 2009 principaliora
544 1958 688 2009 quaestionum
700 1957 781 2007 objecta
791 1957 811 1995 iu
826 1957 914 1997 medium
928 1970 976 2009 pro-

171 2021 239 2063 ferre,
260 2021 394 2070 breviterque
412 2021 518 2058 discutere
529 2021 605 2068 placet,
619 2019 767 2057 Goniessarius
780 2018 884 2065 nimirum,
896 2021 915 2057 si
927 2032 978 2069 opus

171 2080 245 2121 fuerit,
263 2086 346 2116 tenetur
357 2081 498 2126 poenitentem
510 2080 643 2115 examinare:

246 2141 269 2185 a]
281 2139 313 2175 De
324 2139 418 2188 peccatis
431 2137 568 2187 probabiliter
581 2138 605 2175 ab
618 2138 662 2187 ipso
677 2137 806 2182 commissis3
818 2137 844 2184 b]
862 2138 886 2175 de
903 2149 977 2188 pecca-

171 2208 239 2242 torum
254 2200 337 2255 speeie,
353 2203 377 2252 c]
392 2180 532 2250 numerotl‘de
544 2199 709 2242 circumstantiis
721 2198 843 2241 necessario
861 2199 977 2253 exprimen-

172 2266 213 2312 dis3
226 2268 249 2314 e]
262 2267 287 2305 de
297 2266 391 2317 peccatis
404 2266 524 2305 omissionis
537 2273 558 2304 et
569 2272 638 2305 status
645 2280 651 2312 ;
662 2266 686 2313 f]
699 2266 724 2304 de
736 2264 861 2304 charactere
872 2266 978 2314 poeniten·

167 2328 198 2364 tis
210 2328 295 2371 morali,
313 2335 334 2365 et
345 2328 384 2365 hac
401 2328 482 2365 ratione
495 2328 519 2365 de
531 2334 618 2375 peceato
630 2327 753 2370 dominanti,
772 2327 797 2363 de
809 2326 920 2363 occasione
930 2338 978 2374 pro-

171 2386 235 2429 xima,
253 2387 277 2422 de
292 2387 452 2429 consuetudine,
469 2388 553 2433 relapsu
569 2392 624 2429 etc,;
641 2388 668 2434 g]
687 2386 711 2421 de
729 2384 864 2432 dispositione
876 2384 978 2430 ejusdem;

172 2443 196 2490 h]
208 2444 232 2482 de
243 2444 353 2498 religionis
366 2444 506 2498 dogmatibus.

176 2569 327 2628 &uacationes
345 2571 371 2623 de
390 2570 492 2640 peccatis
506 2586 520 2622 a
533 2568 662 2639 poenitente
678 2568 823 2637 probabiliter
843 2567 979 2620 commissis.

246 2690 264 2740 ξ.
280 2688 314 2728 86.
330 2694 382 2729 Num
399 2692 509 2740 poenitens
528 2693 569 2728 alia
585 2698 671 2738 praeter
689 2704 725 2734 ea,
743 2691 827 2738 quaein
847 2690 979 2727 confessione

171 2749 288 2802 expressit,
305 2757 391 2798 peecata
410 2749 547 2796 commiserit,
564 2749 618 2787 haud
644 2748 756 2788 difficulter
774 2753 832 2799 patet
851 2750 874 2795 a]
892 2760 918 2787 ex
934 2749 980 2799 ipsa

172 2813 315 2862 accusatione,
328 2828 379 2867 quae
391 2816 465 2869 quippe
474 2814 553 2868 justam
565 2813 654 2854 ulterius
668 2813 776 2855 scrutandi
795 2824 866 2853 ansam
884 2805 979 2866 praebet

170 2882 276 2925 Peccata,
294 2890 346 2928 quae
360 2880 489 2927 probabilius
509 2879 631 2925 commissa,
649 2892 660 2916 a
679 2878 798 2928 poenitente
817 2884 884 2915 autem
903 2878 981 2915 omissa

172 2947 229 2986 sunt,
242 2941 409 2991 dignoscuntur,
427 2941 445 2978 si
458 2940 598 2985 attendimus,
617 2939 670 2989 quod
682 2939 781 2989 quaedam
793 2945 881 2988 peccate
893 2939 981 2977 aliorum
