2056 3193
136 97 180 142 208

138 214 222 252 cordiae
235 213 345 256 beneficia,
358 211 473 260 cujusmodi
485 219 533 251 simt
545 213 628 264 copiosa
640 213 723 264 gratiae
734 216 815 255 divinae
824 207 944 266 opitulantis

138 276 220 320 auxilia,
234 275 305 324 quibus
314 273 395 310 omuino
404 280 425 311 et
436 274 571 322 peculiariter
580 287 630 324 opus
643 280 675 312 est
688 275 713 312 ad
725 278 883 317 conversionem
895 289 943 326 pee-

138 336 227 378 catoris,
245 334 278 383 qui
290 333 369 371 diutina
380 334 480 372 vitiorum
492 336 640 373 consuetudine
653 336 783 385 languescit,
800 339 863 388 longe
880 337 944 386 major

138 396 198 433 etiam
210 394 324 443 praecedat
336 402 449 444 apparatus
460 397 615 445 poenitentiae,
633 408 692 445 quam
704 396 722 432 si
735 397 780 446 quis
792 409 858 446 nuper
876 399 944 436 admo-

137 457 182 492 dum
194 455 214 491 iu
227 455 307 493 crimen
320 456 401 505 aliquod
412 456 526 494 infortunio
539 457 567 494 sit
579 457 688 505 prolapsus
701 455 726 503 1].

245 574 322 627 llodus
337 574 419 642 agendi
433 573 592 642 poenitentiam
606 574 628 627 in
642 574 711 627 veteri
726 574 838 628 Ecclesia.

211 697 228 750 ξ.
244 695 293 736 148.
312 697 412 746 Quoniam
429 698 571 747 poenitentiae
583 699 699 745 rationem,
717 712 768 750 quae
785 700 806 737 in
825 700 893 737 veteri
904 703 944 740 Ec-

136 760 200 797 clcsia
218 759 296 809 viguit,
314 770 376 796 nosse
392 770 541 808 saepenumero
554 761 639 797 multum
653 760 766 809 juvaminis
779 761 848 798 adfert
861 762 942 799 confes-

136 820 191 857 sario
204 820 223 856 in
236 826 278 857 tam
290 819 371 857 difficili
382 831 455 869 opere,
474 827 496 857 ut
511 822 638 870 persuadeat
651 821 761 871 unicuique
773 822 885 870 injunctam
904 823 944 860 sibi

135 880 303 918 satisfactionem
321 881 415 930 peccatis
434 881 524 918 debitam
548 888 628 931 promte
650 882 759 931 suscipere
784 889 944 933 susceptamque

135 942 232 991 explere:
250 954 290 979 non
302 941 397 979 inutilem
408 942 529 980 uavabimus
542 955 637 992 operam,
655 943 673 981 si
684 943 760 981 leviter
772 945 848 982 saltem
864 950 885 981 et
896 944 943 981 brc-

134 1003 219 1040 vissirnc
232 1003 332 1053 quaedam
348 1002 372 1039 de
385 1003 514 1052 poenitentia
526 1004 605 1042 veteris
624 1005 734 1043 Ecclesiae
750 1005 851 1043 canonica
867 1005 943 1043 deliba-

135 1065 178 1102 turi
189 1077 267 1102 sumus.
279 1066 311 1102 Ex
323 1071 430 1114 tempore,
448 1077 487 1115 quo
500 1065 579 1104 arctior
591 1066 733 1115 poenitentiae
746 1066 855 1117 disciplina
868 1066 944 1118 viguit,

135 1132 223 1175 quatuor
235 1126 344 1162 institutae
360 1132 409 1162 sunt
420 1126 533 1171 stationes,
551 1139 602 1176 quas
619 1128 752 1176 poenitentes
764 1139 890 1177 percurrere
909 1128 943 1165 de·

134 1186 221 1232 bebaut,
235 1193 345 1237 antequam
357 1186 548 1225 reconciliarentur
560 1200 606 1226 cum
618 1188 717 1227 Ecclesia
730 1195 751 1227 et
759 1189 784 1227 ad
792 1200 874 1227 sacram
883 1188 943 1226 Com·

134 1249 251 1285 munionem
271 1248 438 1285 admitterentur.
457 1248 537 1286 Horum
559 1256 648 1299 quatuor
667 1250 783 1301 graduum,
801 1244 875 1300 quibus'
895 1262 943 1300 poe·

135 1309 235 1347 nitentiae
251 1310 379 1348 curriculum
397 1310 553 1355 continebatur,
571 1311 650 1360 primus
666 1311 758 1349 meminit
781 1311 804 1349 S.
822 1311 942 1363 Gregorius

135 1371 306 1423 Thaumaturgus
318 1372 420 1408 Neocaes.
432 1372 549 1421 Episcopus
561 1372 581 1409 in
590 1385 628 1410 sua
636 1373 725 1422 epistola
737 1373 844 1417 canonica,
857 1372 941 1410 etdein-

135 1445 184 1483 ceps
197 1432 232 1470 alii
243 1433 332 1478 Patres,
344 1432 439 1482 inprimis
452 1433 474 1471 S.
486 1434 578 1471 Basilius
590 1434 610 1471 iu
622 1434 718 1484 Epistola
730 1434 754 1472 ad
766 1433 863 1485 Aruphil.‚
878 1434 940 1473 Cone.

135 1493 291 1545 Ancyranum2]
307 1502 328 1533 et
343 1495 465 1533 Trullanum
472 1493 498 1543 ³).
515 1497 574 1546 Apud
588 1496 675 1534 Latinos
690 1496 734 1545 jam
752 1497 799 1535 inde
812 1509 823 1534 a
835 1496 871 1534 IV.
884 1508 941 1535 saec.

135 1557 284 1607 poenitentium
296 1556 408 1595 divisiones
421 1556 497 1602 fuisse,
510 1558 622 1596 ostendunt
633 1558 744 1597 Ecclesiae
756 1571 794 1608 per
806 1570 830 1597 ea
848 1565 942 1608 tempora

135 1619 257 1657 aedificatae
272 1631 296 1657 ac
308 1618 434 1669 praesertim
447 1620 593 1670 antiquissima
605 1620 700 1658 Basilica
712 1620 735 1658 S.
748 1619 869 1658 Clementis.
889 1620 942 1658 Ocn-

135 1682 180 1718 sule
191 1680 305 1726 Morinum,
322 1680 496 1730 Albaspinaeum,
513 1682 641 1719 llllartenium
654 1688 675 1719 ct
687 1681 739 1719 alios
761 1682 893 1720 recentiores
909 1693 949 1718 sa-¹

135 1754 218 1780 crorum
226 1742 303 1780 rituum
311 1741 436 1790 scriptores,
449 1743 483 1792 qui
490 1742 586 1794 singulos
598 1743 739 1793 poenitentiae
751 1744 830 1794 gradus
843 1749 943 1782 accurate

135 1800 289 1850 describunt).
301 1803 394 1840 Primum
406 1803 494 1853 gradum
504 1803 702 1853 fletumvocarunt,
715 1816 794 1855 graece
805 1797 943 1853 credulorum,

135 1866 223 1903 alterum
245 1864 378 1902 oreditlorrcm
400 1856 499 1913 ἀκρόασιν
517 1866 601 1903 tertium
620 1865 805 1914 setoso-aeonem,
828 1858 944 1901 dodonaeo

135 1933 230 1976 quartum
241 1926 328 1976 denique
340 1927 517 1976 consistentiam,
536 1924 639 1966 σύστασιν.

207 1989 229 2024 ln
241 1988 308 2037 prima
320 1987 410 2025 statione
422 1987 553 2037 poenitentes
566 1994 626 2025 extra
637 1993 719 2037 portam
731 1987 801 2037 templi
814 1992 834 2023 ct
845 1986 883 2023 sub
896 1985 941 2030 dio,

135 2049 203 2088 cilicio
215 2049 281 2086 induti
293 2056 314 2087 ct
326 2048 396 2087 cinere
409 2049 532 2098 conspersi,
546 2049 571 2086 ad
583 2049 747 2101 ingredientium
759 2060 828 2101 genua
847 2048 943 2085 advolve-

135 2112 220 2157 bantur,
236 2123 347 2161 corumque
360 2122 435 2160 preces
454 2111 553 2159 lacrymis
572 2111 705 2161 expetebant,
727 2111 779 2149 unde
795 2110 825 2149 cis
837 2108 944 2159 flentium

135 2185 208 2211 nomen
221 2173 317 2210 dabatur.

209 2234 319 2272 Secundus
331 2233 410 2285 gradus
423 2233 559 2272 orcdientium
570 2234 692 2272 vocabatur.
705 2234 733 2272 Hi
745 2233 805 2284 quasi
816 2244 891 2270 novum
903 2231 942 2269 Ca-

136 2296 303 2334 techumenatum
318 2295 372 2333 inire
385 2295 529 2346 cogebantur,
547 2298 606 2344 [nam
624 2296 686 2333 etiam
706 2296 761 2333 inter
777 2293 943 2333 Gatechumenos

136 2358 214 2408 gradus
226 2364 272 2395 crat
284 2356 429 2404 aradientium).
442 2357 507 2402 Hinc,
520 2357 554 2407 qui
565 2357 586 2394 in
597 2356 637 2396 hoc
649 2357 717 2409 gradu
730 2363 790 2395 erant
801 2355 941 2406 poenitentes,

137 2419 290 2458 catechumenis
305 2418 405 2469 permixti
416 2418 436 2455 in
448 2419 562 2464 vestibulo,
578 2419 612 2456 vel
627 2419 684 2456 intra
701 2424 761 2468 septa
773 2417 883 2457 Ecclesiae
901 2421 943 2453 sta·

136 2480 193 2525 bant,
209 2488 232 2518 ut
250 2481 346 2518 audirent
361 2480 483 2525 conciones,
506 2481 618 2518 lectionem
637 2487 658 2518 et
676 2480 872 2529 interpretationem
890 2477 943 2516 scri-

136 2548 249 2592 pturarum,
262 2555 301 2593 qua
312 2541 371 2580 finita
379 2541 542 2580 dimittebantur.
557 2541 670 2587 „Audiens
684 2541 713 2579 ait
725 2541 748 2579 S.
761 2539 888 2592 Gregorius,
896 2545 944 2589 post

137 2603 260 2653 Scripturas
269 2611 290 2642 et
297 2603 414 2643 doctrinam
420 2603 524 2652 ejiciatur,
533 2603 683 2653 etprecatione
693 2616 718 2641 ne
727 2603 802 2656 dignus
811 2601 942 2640 censeatur.”

134 2720 318 2730 δ-------------η

160 2775 174 2821 1)
186 2776 225 2809 Cfr.
237 2775 293 2808 Card.
304 2777 326 2809 de
340 2777 401 2819 Lugo.
411 2777 441 2809 De
450 2775 525 2809 Pocnit.
540 2775 594 2808 Sect.
607 2777 634 2808 to.
645 2785 663 2808 n.
675 2778 715 2808 tro.
729 2774 781 2808 Edit.
791 2773 851 2816 bugd.
863 2774 916 2806 1636.
926 2782 944 2815 ρ.

184 2824 746 2919 realemaarecamaenas
760 2822 943 2907 acram:

185 2925 248 2959 Tolet.
258 2924 291 2958 ΙΙΙ.
