1991 3193
22 43 40 79 X

23 167 49 210 et
60 159 146 210 Deum
161 159 272 227 quodam
285 157 362 207 modo
377 162 475 224 cogunt
489 155 692 224 sapientissimas
707 175 722 207 a
735 174 763 207 se
780 163 830 207 sta·

21 254 94 298 tutas
112 247 185 314 leges
202 249 375 295 antevertere.
403 242 489 304 Quare
506 242 550 309 qui
568 241 624 291 aliis
641 259 657 292 a
673 244 753 293 saeris
767 260 831 306 esse,

22 333 80 383 Deo
94 339 208 389 auctore,
222 329 428 393 constituuntur,
442 329 515 396 prius
528 328 556 377 in
570 345 597 378 se
611 328 734 380 uberiora
748 329 832 380 saneti

24 417 136 486 Spiritus
150 415 283 466 attrahant
296 432 405 466 necesse
420 421 459 465 est
473 414 626 478 chrismata,
653 433 719 483 quae
732 416 760 464 in
772 415 831 465 reli-

25 520 89 571 quos
108 501 232 568 deinceps
252 500 451 564 transfundant,
478 499 689 566 largioribusque
706 501 833 551 virtutum

24 587 204 638 emolumentis
220 587 356 650 ditescant,
378 592 507 653 quatenus
521 602 553 634 ex
567 603 657 635 eorum
670 586 833 653 plenitudine

22 673 187 740 poenitentes
200 672 367 740 participent.
391 670 476 732 Quem
488 671 516 721 in
528 671 619 735 finem,
633 678 663 721 111
679 672 767 722 verbis
783 672 833 722 Be-

22 758 121 809 nedicti
133 759 204 811 XIV.
218 765 284 822 utar,
314 757 472 824 „plurimum
485 757 613 824 proderit,
634 760 667 822 si,
688 758 732 825 qui
745 774 834 807 curam

23 844 169 897 animarum
185 851 281 911 gerunt
299 851 324 894 et
338 844 370 894 ad
384 843 576 911 poenitentirnn
593 844 770 895 confessiones
791 861 833 894 ex-

24 930 157 997 cipiendas
172 930 295 980 destinati
308 936 382 993 sunt,
408 947 456 996 pm
470 929 570 996 aliquot
584 929 639 980 dies
654 929 833 996 spiritualibus

26 1015 154 1066 exercitiis
173 1016 314 1083 quotannis
331 1023 433 1066 vacent.
461 1016 489 1065 111
508 1033 538 1066 ec
556 1016 653 1083 quippe
671 1016 714 1082 pio
728 1033 835 1066 recessu

24 1102 222 1152 renovabuntur
236 1101 330 1168 spiritu
343 1102 438 1151 mentis
453 1119 522 1164 suae,
544 1108 569 1150 et
581 1101 724 1151 induentur
737 1101 834 1151 virtute

26 1204 57 1238 ex
74 1186 127 1237 alto
144 1187 178 1237 ad
196 1204 226 1237 ea
241 1187 385 1254 impensius
399 1187 563 1253 alacriusque
577 1187 741 1252 peragenda,
768 1204 834 1254 quae

25 1289 130 1322 suarum
143 1272 257 1338 partium
271 1279 342 1336 sunt,
362 1290 411 1338 pro
427 1272 507 1322 divini
520 1272 632 1321 numinis
647 1271 731 1337 gloria
744 1278 770 1321 et
784 1272 834 1338 spi-

25 1356 112 1407 rituali
125 1356 305 1423 proximorum
316 1357 429 1406 utilitate
444 1364 470 1405 et
484 1356 590 1406 salute.“
600 1358 618 1422 ¹>

97 1441 206 1492 Utinam
218 1442 284 1491 haee
298 1441 429 1491 interioris
442 1442 554 1491 hominis
569 1442 697 1506 cura‚hce
710 1443 834 1509 propriae

25 1527 194 1594 perfectionis
215 1527 329 1576 studium
346 1544 394 1576 001
409 1545 510 1590 omnes⁷
537 1527 632 1593 quibus
647 1527 735 1576 divina
747 1528 835 1577 remit-

25 1612 99 1662 tendi
118 1619 144 1661 et
164 1612 295 1662 retinendi
311 1618 422 1678 peecata
443 1612 503 1661 data
523 1618 563 1661 est
575 1619 704 1678 potestas,
725 1620 836 1679 occupet
902 1665 904 1668 ,

25 1698 107 1747 totos!
131 1696 240 1747 Utinam
254 1697 389 1747 sublimior
402 1715 504 1747 morum
518 1698 695 1762 sanctimonia,
710 1715 776 1764 quae
791 1699 834 1748 de-

2 1852 4 1855 .
26 1788 69 1832 eet
77 1781 174 1832 Christi
186 1783 320 1832 ministros
335 1790 360 1831 et
375 1783 571 1849 dispensatores
584 1788 772 1850 mysteriorum
778 1783 835 1848 Dei,

27 1874 135 1918 exornet
149 1868 269 1918 cunctos!
283 1868 358 1917 Tune
371 1868 438 1917 illud
451 1869 568 1917 firturum
581 1885 688 1935 sperare
702 1868 798 1933 licebit,
807 1877 836 1919 111

27 1951 61 2001 ad
78 1969 171 2001 munus
189 1951 343 2001 confessarii
360 1952 438 2018 digne
455 1952 594 2019 valideque
615 1954 765 2005 obeundum
780 1972 836 2004 eru-

27 2037 87 2096 diti,
115 2036 217 2086 divinae
235 2036 432 2086 misericordiae
453 2035 652 2088 Sacramentum
664 2039 714 2089 rite
729 2039 837 2090 admini-

25 2129 152 2182 stremus,
179 2128 258 2187 atque
271 2123 322 2171 Dei
334 2122 422 2171 Putris
428 2161 435 2184 7
462 2123 535 2188 cnjus
548 2123 636 2189 imago
649 2124 676 2174 in
688 2125 837 2175 hominibus

26 2207 132 2258 foedata
144 2198 300 2270 1000110101,
326 2207 377 2257 Dei
396 2207 474 2265 Filii,
501 2207 575 2275 cujus
589 2227 651 2259 oves
665 2217 739 2260 tanto
752 2211 837 2277 pretio

28 2299 112 2341 emtae
124 2298 185 2357 post
197 2291 320 2341 miseram
332 2292 506 2358 perditionem
519 2294 681 2344 reducuntur
690 2301 716 2345 et
724 2294 838 2363 Spiritus

29 2373 128 2434 Sernota,
143 2376 215 2442 cnjus
229 2376 328 2443 templa
342 2377 428 2428 diruta
442 2385 468 2427 et
481 2378 585 2444 polluta
597 2387 753 2447 reparantur
763 2388 838 2431 etre-

29 2461 199 2511 conciliantm·
213 2462 240 2510 in
253 2462 366 2512 salutem
378 2463 838 2517 110101010011110101101111010011000-

29 2553 190 2612 operatores,
215 2547 366 2599 reddendae
380 2548 451 2616 apud
459 2548 575 2615 judicem
587 2552 696 2602 rationis
710 2557 835 2618 tempore.

53 2692 71 2731 ¹)
80 2691 143 2734 Epist.
153 2692 225 2733 encyct.
235 2695 252 2726 3.
262 2693 366 2727 Decembr.
378 2695 432 2728 tate.

360 2859 508 2867 ———-—-
