2017 3193
850 133 889 175 121

87 263 182 296 movero,
195 248 329 301 proximoque
341 251 455 303 prodesse,
468 255 488 288 et
500 249 605 301 proprium
617 250 712 290 meritum
726 262 806 302 angero
819 246 892 299 possit.

86 316 150 349 Amor
162 325 214 348 onos
227 325 265 348 non
285 315 357 357 sentit,
376 321 396 349 et
408 313 492 348 labores
505 324 544 345 non
557 319 645 357 reputat.
659 313 702 357 Quo
722 325 793 348 amoro
813 311 893 346 inflant*

87 362 155 407 oratus
167 381 207 406 non
220 375 297 408 tantum
308 375 400 410 oootrtns
413 369 482 408 officio
494 369 613 414 iocinnbet,
624 381 696 407 nerum
709 371 771 409 etiant
783 372 861 422 apertio
873 369 893 407 in

87 435 182 485 vesperis
202 435 242 473 diei
258 437 402 481 solemnioris,
421 434 515 484 omnique
532 433 564 472 [lie
581 433 682 472 dominico
701 442 760 485 atqne
779 436 855 473 festivo
873 434 893 472 in

88 496 238 531 confessionali
246 503 324 532 statuta
336 498 389 532 bora
401 494 538 540 comparebit,
551 495 596 528 sive
610 494 739 539 poenitentes
751 496 830 538 adsint,
848 495 893 529 sive

88 566 127 593 non
140 553 214 594 adsint.

86 631 127 662 Der
138 630 244 664 Geistlietre
254 632 302 664 hore
313 642 335 663 an
342 631 408 671 jedenr
417 630 470 669 Tage
481 628 598 668 (Werktagc
608 627 656 660 oder
668 627 780 669 Feiertage)
795 629 829 660 den
842 630 892 661 Stin-

112 678 155 715 dor,
166 678 199 707 dor
209 678 297 709 beiohten
307 678 352 707 will.
362 678 389 706 Er
399 677 484 712 trachtc,
496 675 541 704 dass
551 684 573 705 es
583 675 600 704 in
610 676 675 704 scincr
685 675 791 706 Geruoinde
801 683 823 703 an
830 676 893 711 jeoem

112 722 172 757 Sonn-
183 724 220 758 nnd
229 724 331 769 Fetertage
345 721 464 757 Beiohtende
474 719 529 768 goba.
539 739 563 744 —
572 721 599 754 Er
612 720 715 756 erscnetne
725 730 747 755 an
758 720 823 766 Jeoem
833 722 893 756 Sonu-

112 777 148 811 nnd
160 777 252 821 Festtagc
265 776 425 819 unaufgcfordert
440 776 464 808 im
476 774 618 809 Bciolrtstuhle.
630 775 708 807 illuster
721 774 747 807 ist
759 775 820 807 bierin
833 775 893 807 Jesus

113 827 208 861 Christus.
218 836 277 858 unser
287 826 385 863 Oborhirt,
395 827 429 856 der
437 834 482 855 voni
491 824 575 855 Hinnnel
584 825 618 854 aus
629 823 659 854 die
671 824 723 855 Erde
736 824 851 863 gekomtncn
862 824 894 861 ist,

112 882 143 902 nm
153 882 177 903 zu
187 875 259 910 stacten,
269 880 310 901 iras
323 871 413 901 verloren
427 879 478 908 noar,
489 871 510 909 ja
519 870 561 899 sicli
574 869 637 899 selbst
647 869 680 899 mit
693 870 753 900 cincnr
766 869 834 900 HIrten
850 877 894 899 ver·

111 919 190 966 gieiobt,
201 920 235 956 der
244 918 297 955 nieht
305 921 382 962 nartet,
392 917 421 954 bis
432 916 461 953 oin
471 915 568 954 Sohiilein
578 916 608 953 itm
618 916 697 963 sochen
711 917 795 953 soodcrn
807 916 837 954 (lie
846 927 895 953 neon

112 975 148 1006 und
158 973 239 1015 neunzig
249 973 266 1004 in
276 971 387 1005 Sieherheit
395 971 522 1005 besmdliolren
531 970 627 1011 veritisst,
637 980 669 1002 um
679 971 713 1003 das
723 971 814 1004 vertor-ne
823 971 896 1003 rvieoer

112 1032 137 1052 zu
146 1021 213 1052 finden.
225 1021 272 1051 Lue.
282 1020 324 1051 XV.
334 1021 384 1050 was
398 1028 456 1050 unser
470 1019 616 1055 Oberhirtthat,
630 1020 663 1049 nat
676 1019 724 1049 aucti
739 1020 772 1049 der
787 1018 894 1049 Geistliohe

112 1067 141 1097 ais
150 1066 226 1097 Kneotrt
236 1064 308 1096 Christi
317 1073 349 1096 uni
358 1073 381 1096 so
391 1066 446 1096 metu·
455 1073 480 1095 zu
487 1065 541 1103 toan,
551 1064 579 1095 als
590 1064 620 1095 die
628 1063 818 1106 Niotrtnaobahnmog
827 1063 894 1096 seinos

111 1113 220 1163 Beispieles
230 1125 288 1160 gross
298 1113 334 1151 und
344 1112 491 1152 uniibcrsehbar
500 1113 517 1150 in
528 1112 580 1151 ibren
589 1114 662 1161 Folgon
671 1113 724 1158 isto.

352 1235 568 1271 Anniculus
592 1235 629 1269 II.

204 1342 236 1379 De
244 1340 395 1389 poenitentibus
406 1341 560 1390 interropnodt's
571 1340 614 1378 sive
624 1341 776 1379 examinandis.

155 1454 196 1513 los
211 1458 232 1513 ot
247 1454 356 1530 obligatio
372 1454 507 1513 contemni
521 1454 661 1530 poenitentes
676 1455 826 1514 oraroinanli.

162 1595 179 1643 ξ.
193 1594 228 1631 84.
242 1597 275 1637 si,
289 1598 340 1641 qood
353 1609 387 1631 res
400 1605 444 1638 est,
457 1598 520 1631 fateri
531 1588 627 1638 velimus,
639 1598 715 1631 nullius
728 1598 773 1641 plns
788 1597 894 1630 interesse

89 1653 162 1702 debet,
179 1665 238 1708 qnam
250 1653 385 1707 poenitentis,
404 1661 426 1696 ot
436 1661 524 1709 peecata
542 1667 580 1697 sna
592 1655 675 1711 integre
689 1661 708 1696 et
720 1655 779 1708 plone
792 1653 894 1703 fateatur,

89 1720 251 1770 qnandoquidem
264 1721 353 1758 tribunal
365 1721 421 1759 istud
440 1734 452 1759 a
470 1722 547 1760 ceteris
564 1723 669 1771 peculiare
688 1721 728 1759 hoo
749 1721 824 1764 babet,
842 1721 895 1770 quod

57 1791 59 1794 ·
87 1781 107 1816 in
125 1793 148 1816 eo
161 1781 292 1823 absolvatur,
312 1781 346 1826 qni
357 1782 435 1817 crimen
448 1782 538 1823 fatetur,
551 1783 672 1823 damnetur,
691 1781 723 1827 qui
737 1787 803 1821 tacetg
823 1787 844 1815 nt
856 1780 894 1814 ita-

89 1848 127 1888 qne
144 1837 287 1874 confessarios
308 1838 376 1889 potins
393 1838 472 1886 audiat,
490 1850 550 1893 quam
562 1839 681 1893 interroget
692 1837 846 1892 poenitentem:
864 1842 894 1875 ta-

89 1917 135 1941 men
148 1910 202 1942 teste
214 1904 344 1954 experientia
356 1905 416 1943 aliter
428 1918 464 1943 res
477 1918 499 1944 se
511 1905 580 1944 babet.
594 1906 661 1956 Saepe
673 1905 790 1949 usuvenit,
814 1911 835 1941 nt
846 1913 894 1954 poe-

89 1966 179 2000 nitentes
192 1966 236 2000 sive
255 1978 280 2000 ex
291 1965 430 2013 ignoratione,
443 1967 488 2002 sive
501 1967 583 2003 defectu
596 1967 722 2015 cognitionis
734 1966 767 2001 sni
783 1965 895 2011 ipsiusve]

88 2023 158 2071 legum
174 2022 302 2065 divinarum,
318 2022 362 2058 sive
375 2034 401 2058 ex
417 2023 566 2072 perplexitate,
586 2023 630 2060 sive
643 2034 669 2059 ex
679 2023 790 2059 innuaturo
805 2021 894 2071 pudore,

89 2084 133 2125 sive
146 2084 193 2137 quia
205 2085 354 2126 conscientiam
367 2100 425 2127 suam
438 2102 477 2127 non
490 2088 620 2128 sufficienter
632 2088 721 2127 scrutati
733 2095 792 2133 sunt,
805 2087 849 2125 sive
862 2086 896 2125 (le-

89 2149 160 2197 nique,
178 2149 230 2196 qnod
246 2149 331 2196 propria
352 2150 445 2197 ipsorum
470 2152 563 2198 nequitia
583 2163 619 2187 cor
638 2163 708 2186 eorum
729 2149 861 2192 excaecavit,
877 2155 898 2184 et

90 2207 232 2242 conscientiae
248 2207 343 2240 stimulos
359 2209 483 2251 suttoeavit,
501 2209 547 2256 quia
566 2210 673 2243 abstinere
685 2220 696 2243 a
707 2214 794 2256 peccato
810 2218 849 2241 non
862 2218 897 2240 vo-

89 2267 144 2317 lout,
160 2265 229 2309 sinant
245 2265 345 2322 ignorare
358 2267 524 2318 confessarium,
537 2268 610 2323 quibos
624 2268 664 2324 ipsi
676 2267 735 2311 malis
755 2266 898 2323 spiritualibus

90 2334 251 2376 conflictentur,
274 2340 295 2369 et
309 2334 390 2380 quantis
409 2335 429 2370 in
445 2334 559 2382 angoribus
571 2334 660 2371 haereat
672 2346 743 2370 eornm
762 2333 898 2370 conscientia.

90 2391 135 2436 Quo
147 2391 177 2431 fit,
190 2398 212 2425 ut
224 2402 261 2424 nec
275 2391 380 2425 confessio
393 2392 421 2425 sit
432 2392 523 2440 integra,
537 2403 575 2426 neo
588 2393 650 2425 ullum
662 2391 808 2425 Paenitentiae
821 2390 900 2426 Sacra·

90 2456 187 2493 inertium.
202 2449 332 2494 Confessarii
341 2458 409 2494 autem
420 2450 517 2502 interest,
530 2459 628 2507 qnantum
636 2468 673 2507 per
685 2452 754 2507 ipsmn
765 2453 813 2494 fieri
823 2459 900 2506 potest,

91 2518 188 2561 efficere,
207 2523 229 2554 ut
244 2517 329 2566 integra
342 2518 369 2554 sit
384 2518 496 2555 confessio.
508 2520 536 2555 Et
548 2519 630 2567 quidem
641 2519 694 2555 ratio
707 2524 752 2561 est,
766 2518 813 2566 quia
825 2529 901 2554 cavere

91 2581 173 2610 tenetur
186 2576 293 2618 minister,
310 2587 336 2608 ne
349 2577 396 2623 qnid
409 2577 559 2620 Sacramenta,
577 2577 630 2624 quod
642 2576 784 2624 administrat,
802 2576 863 2610 desit.
876 2577 903 2610 At

91 2634 196 2676 confessio
209 2640 241 2677 est
255 2635 341 2677 rnateria
361 2634 495 2679 sacramenti
508 2636 663 2686 Paenitentiae,
681 2636 747 2692 igitur
769 2635 903 2679 confessario

90 2710 127 2745 pro
139 2700 195 2737 virili
207 2701 332 2745 conandum,
351 2707 372 2738 ut
384 2702 412 2739 sit
423 2703 516 2752 integra,
532 2704 587 2740 sient
599 2703 664 2740 Jesus
678 2702 776 2739 Christus
789 2701 903 2749 praecepit.

90 2756 121 2789 Ad
132 2757 172 2791 hoe
183 2755 406 2805 igitur'corrfessarius
419 2767 439 2794 et
453 2761 501 2804 jure
515 2751 595 2807 gaudet*
605 2768 625 2795 et
638 2761 765 2808 obligatione
779 2760 903 2807 stringitur,

91 2812 229 2866 poenitentem
241 2818 387 2874 interrogandi
399 2820 443 2862 sive
456 2819 596 2873 examinandi,
609 2820 627 2862 si
638 2820 683 2875 ipse
696 2834 735 2861 non
749 2818 801 2862 satis
814 2821 902 2873 peecata

94 2910 294 2919 -Ὰ

117 2955 132 2988 1)
144 2951 239 2982 Schmid’s
249 2954 343 2992 Liturgik.
352 2958 370 2986 2.
380 2956 416 2985 Bd.
427 2955 448 2984 S.
459 2957 560 2985 llo—120.
