2017 3193
868 81 912 129 183

103 209 144 241 tam
157 201 288 239 manifestum
302 202 375 239 salutis
387 202 501 252 periculum
515 203 644 251 conice-eras.
658 204 709 241 Item
723 202 772 240 siin
785 200 826 238 fine
845 200 911 238 dicat:

103 277 125 301 se
137 264 208 300 Patris
221 262 302 299 aeterni
319 263 363 300 loco
380 277 426 301 eum
441 262 506 299 veluti
524 263 588 301 filium
606 265 717 316 prodigum
737 264 791 301 ulnis
810 268 911 311 paternae

103 324 212 363 eharitatis
225 324 328 372 amplecti,
336 324 421 374 jamque
433 324 508 360 stolam
520 325 602 373 gratiae
614 337 651 373 per
663 324 838 363 sacramentalem
851 324 911 360 abso·

102 385 202 423 lutionem
213 384 243 421 illi
255 384 438 429 circumdaturum,
451 390 472 420 et
483 383 502 419 id
514 396 575 420 unum
588 397 657 429 orare,
669 392 692 422 ut
704 399 715 423 a
726 388 790 423 Patre
801 391 911 434 tantopere

104 459 149 484 eum
162 452 242 482 amante
251 446 294 494 jam
307 459 346 485 uon
359 446 446 495 amplius
458 445 552 482 recedat.
564 466 594 471 —-
608 446 682 482 Modus
694 447 849 494 poenitentibus
862 458 911 484 oon·

104 506 195 544 tritionis
203 508 279 544 motiva
287 507 398 558 ingerendi
405 507 490 544 multrnn
497 505 592 553 juvatur,
604 506 748 552 sijnbeontm·
756 508 853 557 aliquam
861 520 910 545 sen-

103 568 347 616 tentiampotuleroonm
355 566 487 616 expendere.
498 566 535 602 Sic
547 579 564 602 e.
572 578 593 615 g.
607 566 626 601 si
639 566 781 603 confessarius
793 568 861 605 dicat:
873 568 911 605 Di·

104 632 157 663 ctam
166 626 202 662 tihi
210 626 310 663 aGhristo
319 626 420 664 crucifixo
430 631 449 662 el
457 637 494 673 pro
503 631 523 661 te
531 625 779 661 vril11e1·atot5'.Bernardi
787 627 911 663 senteutiam

103 686 176 723 devote
189 686 310 731 cousiderag
330 686 415 724 „Nonne
431 684 483 720 satis
501 696 539 732 pro
557 690 578 721 te
589 685 713 721 vulneratus
733 686 795 720 sum?
809 684 911 733 Numquid

103 760 142 784 nou
154 760 190 795 pro
205 748 313 796 iniquitate
326 754 361 784 tua
373 745 465 783 afflictus
478 747 537 783 sum?
551 745 593 783 Gur
602 744 660 783 addis
669 744 804 783 afflictionem
818 744 910 783 afflicto?

103 809 173 863 lllagis
185 823 217 848 me
230 814 349 863 aggravant
367 808 455 846 vulnera
473 806 556 857 peccati
574 806 611 852 tui,
631 818 691 857 quam
710 806 797 844 vulnera
816 807 911 857 eorporis

103 874 156 912 mei?
168 876 222 913 Aut:
243 872 273 913 „0
285 872 354 918 lromo,
366 871 420 917 vide,
434 883 485 922 quae
496 870 566 921 patior
577 884 614 921 pro
627 877 662 917 te:
674 883 714 908 uon
727 876 759 909 est
771 869 836 916 dolor,
849 869 911 915 siout,

103 949 141 987 quo
155 936 245 975 crucior.
258 935 289 973 Ad
301 942 321 972 te
334 935 408 979 clarno,
422 933 456 984 qui
471 946 508 983 pro
524 940 544 972 te
559 933 646 972 morior,
662 933 716 972 vtae
733 946 822 983 poenas,
838 933 912 984 quibus

104 999 192 1042 afficior,
204 997 342 1042 videelaros,
356 996 429 1046 quihus
443 996 561 1041 confodior:
578 1008 624 1034 eum
640 996 668 1033 sit
688 995 746 1033 dolor
765 1002 835 1033 tantus
855 1002 911 1033 exte-

102 1061 154 1104 rior,
172 1058 262 1096 interior
275 1064 307 1094 est
325 1058 419 1106 planctus
438 1057 537 1108 grauior,
557 1069 603 1095 crim
619 1064 660 1095 tant
677 1058 785 1108 ingratum
801 1057 911 1107 experior'’

104 1127 143 1157 ete.
157 1126 196 1157 etc.
209 1119 263 1155 Prae
275 1118 363 1168 reliquis
376 1119 422 1156 loca
434 1118 511 1156 biblica
524 1118 633 1169 seligenda
645 1125 699 1155 sunt.
713 1140 742 1145 -
753 1119 776 1154 Iu
788 1118 860 1163 finem,
873 1130 912 1168 quo

105 1180 177 1217 elicias
190 1179 336 1216 contritionem
348 1179 369 1215 in
388 1179 450 1215 corde
466 1178 605 1227 poenitentis,
625 1191 756 1230 uon-parum
772 1179 878 1223 conducit,
895 1180 913 1216 si

104 1251 208 1288 proponas
221 1238 297 1275 motiva
312 1238 400 1275 deducta
420 1241 444 1285 a]
463 1251 492 1275 ece
510 1241 683 1275 eironmetnntils
699 1240 766 1287 festi,
784 1239 912 1286 praesertim

105 1311 143 1347 quo
156 1299 278 1334 recoluntur
290 1299 390 1345 specialia
401 1299 441 1333 Dei
452 1292 564 1341 licrrelicia3
576 1299 609 1333 vel
623 1297 648 1346 β)
661 1311 691 1335 em
702 1289 811 1347 benefieiis
822 1300 912 1346 specio-

104 1357 170 1405 libnS,
185 1368 237 1406 quae
248 1359 307 1393 Deus
320 1358 406 1394 contulit
423 1357 472 1393 huic
489 1359 522 1393 vel
539 1358 570 1392 illi
587 1357 607 1393 iu
625 1358 755 1405 particulari.
775 1357 811 1394 Sic
830 1356 912 1393 Nathan

104 1417 211 1469 propheta,
225 1418 296 1455 volens
309 1417 419 1455 ostendere
438 1417 587 1466 turpitudinem
603 1417 699 1455 adulterii
715 1424 736 1454 et
749 1416 856 1454 homicidii
869 1418 911 1453 Da-

103 1479 164 1525 uidis,
177 1486 199 1519 ut
211 1492 257 1518 eum
270 1479 294 1518 ad
307 1480 455 1518 contritionem
467 1480 578 1525 excitaret,
590 1502 620 1506 -
632 1480 682 1516 dixit
695 1480 715 1516 ei
722 1478 750 1527 ¹]:
771 1481 818 1517 „Tu
836 1491 859 1515 es
876 1478 912 1515 ille

103 1545 136 1582 vir
149 1544 278 1596 (ingratus).
290 1543 349 1583 Haec
363 1543 412 1583 dicit
423 1542 525 1582 Dominus
537 1544 595 1582 Deus
607 1543 684 1582 lsrael:
696 1545 743 1596 Ego
756 1542 805 1581 unxi
817 1548 837 1581 te
849 1541 869 1581 in
878 1554 911 1581 re·

104 1620 152 1659 gem
164 1620 227 1657 super
239 1608 313 1653 Isradl,
327 1614 347 1645 et
359 1607 405 1645 erui
417 1614 437 1645 te
450 1607 473 1645 de
487 1607 545 1645 [lomo
559 1607 617 1646 satu.
629 1630 659 1634 —
671 1606 741 1655 Quare
754 1620 806 1659 ergo
819 1613 911 1645 contem·

104 1669 151 1710 sisti
170 1670 255 1706 verbum
270 1670 361 1715 Domini,
380 1675 403 1707 ut
421 1669 504 1707 faceres
522 1670 597 1707 malum
615 1670 635 1707 in
655 1676 768 1718 conspeetu
787 1668 860 1706 meol²⁷
879 1669 911 1706 vel

104 1733 126 1783 y]
139 1742 168 1768 eac
180 1730 273 1779 objecto,
287 1737 371 1780 propter
384 1730 444 1780 quod,
455 1732 490 1768 vel
501 1731 522 1768 iu
535 1744 572 1781 quo
586 1732 632 1781 quis
644 1731 748 1780 peccavit,
760 1743 779 1767 v.
792 1743 812 1781 g.
830 1730 849 1767 si
867 1730 911 1779 quis

104 1804 127 1829 se
140 1798 227 1829 accusat
239 1792 263 1828 de
275 1792 391 1829 inordinato
405 1805 476 1829 amore
487 1792 507 1829 in
528 1798 647 1836 creaturas,
664 1792 704 1830 dici
718 1798 797 1841 potest:
815 1792 839 1830 Si
854 1803 911 1829 alnas

105 1858 231 1897 ereaturam,
245 1853 292 1901 quia
303 1854 390 1902 pulchra
403 1859 442 1898 est,
455 1853 501 1902 quia
514 1853 551 1890 tibi
563 1854 615 1890 bene
629 1853 678 1890 lacit
691 1860 738 1897 etc,
754 1860 829 1902 quanto
843 1853 912 1903 magis

105 1925 175 1949 amare
187 1913 250 1949 debes
261 1914 336 1957 Deum,
350 1927 361 1950 a
373 1925 411 1962 quo
424 1926 483 1950 omne
495 1913 612 1961 pulchrum,
630 1915 775 1951 omnebonum
793 1914 859 1950 venit!
878 1913 911 1950 Fi·

105 1973 149 2009 dem
163 1974 258 2010 consule:
269 1973 324 2010 mihil
337 1980 370 2010 est
381 1986 419 2010 seu
430 1974 450 2010 iu
464 1975 521 2011 coelo
534 1986 571 2010 seu
582 1973 602 2010 in
615 1981 681 2017 terra,
700 1973 753 2022 quod
766 1986 857 2010 amorem
876 1985 911 2010 no·

104 2039 171 2069 strum
182 2032 212 2069 ita
224 2039 338 2076 mereatur,
351 2045 375 2070 ae
386 2034 453 2077 Deus,
469 2040 490 2070 et
500 2033 554 2069 lmue
567 2045 607 2069 uon
619 2034 714 2070 amabis?
733 2032 834 2081 Quidquid
847 2045 911 2075 anias,

105 2103 169 2134 anms,
181 2098 204 2129 ut
216 2092 253 2129 tibi
264 2093 316 2130 hene
329 2093 363 2130 sit.
376 2093 418 2130 Sed
431 2093 510 2144 cogita,
523 2105 548 2130 an
560 2093 597 2130 tibi
609 2094 682 2130 melius
696 2105 743 2130 esse
760 2099 832 2142 queat,
848 2092 911 2141 majo·

104 2166 169 2204 raquo
180 2153 217 2190 tibi
228 2154 282 2190 hona
294 2161 366 2203 optare
378 2155 455 2203 possis,
469 2167 529 2203 quam
542 2154 560 2192 si
571 2156 639 2192 Deum
651 2154 742 2205 diligas?
763 2153 855 2194 „Oculus
872 2166 911 2192 non

104 2217 161 2263 vidit,
174 2229 212 2256 nee
224 2216 281 2255 auris
294 2217 379 2264 audivit,
391 2230 430 2256 nec
442 2216 461 2255 in
479 2230 515 2257 eor
530 2215 619 2256 hominis
635 2216 739 2262 ascendit,
756 2216 808 2268 quod
823 2227 911 2267 praepa·

104 2282 159 2320 ravit
169 2282 228 2319 Deus
239 2280 273 2326 iis,
286 2281 320 2331 qui
332 2281 421 2333 diligunt
431 2279 536 2328 iltu1112].²⁷

389 2400 495 2454 lloultun
508 2400 624 2468 gencrale.

178 2525 195 2578 ξ.
207 2522 256 2564 127.
264 2527 332 2572 Absit,
341 2534 362 2564 nt
371 2527 505 2565 sacramenti
512 2526 616 2571 minister,
625 2527 721 2576 quidquid
730 2528 763 2564 sui
771 2527 863 2564 muneris
873 2533 912 2571 cst,

103 2586 224 2635 implevisse
237 2599 260 2624 se
273 2587 352 2631 eredat,
366 2588 399 2636 qui
411 2588 462 2625 llaec
476 2595 495 2624 et
508 2587 548 2625 alia
560 2588 580 2624 id
592 2600 660 2638 genus
678 2588 699 2624 iu
718 2600 790 2625 aurem
806 2588 912 2636 poeniteu-

104 2646 154 2682 tium
172 2648 346 2684 insusurraverit.
367 2649 498 2685 „Admonere
517 2648 594 2696 poterit
612 2660 650 2696 per
668 2648 779 2695 strepitum
797 2648 864 2691 vocis,
886 2648 914 2685 ait

105 2702 127 2739 S.
139 2707 282 2754 Augustinus,
301 2706 319 2742 si
331 2720 370 2743 uon
383 2707 411 2743 sit
422 2708 485 2750 intus,
505 2707 539 2755 qui
556 2714 646 2751 moneat,
664 2708 732 2744 inanis
753 2708 793 2743 erit
812 2707 912 2755 strepitus

105 2762 169 2810 ejus.’⁷
183 2764 244 2804 Hunc
256 2772 324 2804 alitem
337 2767 439 2818 spiritum,
452 2767 487 2817 qui
497 2767 553 2804 intus
566 2760 649 2811 uiovet,
666 2767 711 2804 sola
723 2767 789 2804 oratio
802 2767 856 2815 iique
868 2766 911 2802 diu·

129 2897 364 2944 1)11.neg.x11.-²)1
375 2900 428 2936 .Cor.
438 2901 462 2934 Il.
470 2903 488 2935 9.
