2017 3193
872 83 915 127 165

104 201 163 240 Libri,
173 201 205 243 qni
215 200 336 231 confessario
346 201 407 240 tyroni
417 202 453 231 hac
463 199 481 229 in
490 209 511 231 re
520 200 564 231 usui
574 209 619 232 esse
629 199 717 242 possint,
734 198 797 229 notari
807 198 856 230 inter
866 196 915 229 alios

129 253 238 284 merentur:
250 247 278 283 el,
292 248 401 284 Beainlran:
410 248 451 291 ‘Die
462 247 518 282 Seele
531 248 549 282 in
564 248 598 282 der
610 249 743 292 Batrachtuug
762 245 796 281 der
809 245 916 290 glittliclien

130 299 264 334 Gelreiumisse
270 309 275 341 ς
290 299 336 332 oder
347 300 414 345 lieilige
424 298 561 341 Eiuignngen
569 298 616 331 iiber
626 300 655 332 die
665 298 803 333 Gehebunisse
813 298 869 337 deso,
878 297 916 330 und

130 350 398 393 sernei-gtnutcnenalntier.
415 347 519 391 Angsburg
533 350 584 379 1797.
602 349 658 381 -et
673 349 772 388 Grossez,
783 347 865 380 Journal
880 348 914 381 des

130 400 195 433 Saints
209 399 360 434 etblcditations
373 409 423 443 pour
436 402 482 431 tons
498 397 527 429 les
539 397 594 438 jours
605 398 627 430 de
637 396 716 431 l'anuee.
766 397 871 443 Tagebnch
881 398 915 430 der

129 449 264 482 Rircheufeste
274 450 311 483 und
325 451 419 492 Heiligen.
433 448 470 480 lllit
486 446 650 488 entsprecbendeu
665 446 808 482 Schriftstellen
822 447 860 481 und
877 447 915 479 Be-

130 499 255 541 traelitnngen
269 500 368 541 autjeaen
378 500 420 540 Tag
431 497 465 530 des
480 496 559 528 taines.
569 495 622 528 uam
636 495 733 528 Grossez.
746 498 813 538 Wien,
826 499 843 530 la.
858 496 914 529 Tnte.

131 549 218 580 18211-
232 548 295 582 Leben
309 549 345 581 und
359 548 434 580 'straten
448 546 482 578 der
492 545 587 587 Helligen.
601 544 768 586 Heransgegeben
783 556 821 579 von
840 546 915 589 einigen

130 597 182 630 kain.
194 597 314 631 Gcistlielien
324 598 341 629 in
351 598 385 630 der
395 594 493 629 Selureiz.
503 596 520 627 2.
530 594 578 626 Ede.
585 594 669 626 Luzern.
681 595 734 626 1825.

179 693 204 745 5]
223 697 376 735 instructiones
396 701 416 732 et
434 694 584 732 admonitiones
606 693 730 743 longiores,
752 694 785 730 vel
804 693 915 732 breviores

106 771 153 796 esse
165 766 262 809 possunt,
280 762 343 806 prout
358 756 382 793 ad
398 768 433 794 eas
448 756 580 805 recipiendas
596 756 705 805 poenitens
718 755 786 806 magis
807 755 914 805 minusque

107 820 219 869 dispositus
239 820 285 857 erit.
304 818 346 862 Illi,
365 818 399 867 qui
413 818 548 867 paucioribus
571 817 651 855 onerati
673 817 767 865 peccatis
783 816 916 866 frequentius

106 882 207 920 accedunt
219 881 243 918 ad
255 879 418 924 confessionem,
432 891 455 916 ae
468 879 533 916 bonae
546 878 687 917 conscientiae
700 885 757 924 sunt,
770 878 855 916 brevius
868 884 916 915 sunt

106 941 234 992 expediendi,
247 940 416 991 quemadmodum
430 952 473 985 eos,
486 940 526 990 qui,
540 940 603 977 multa
615 939 665 977 licet
676 940 808 989 patraverint
819 946 915 989 peccata,

105 1004 232 1043 discretione
249 1009 317 1039 tamen
334 1007 354 1038 et
371 1002 480 1039 intellectu
495 1002 584 1051 pollent,
607 1001 761 1051 sufficientique
780 1008 915 1050 peccatorum

106 1064 263 1114 compunctione
281 1075 305 1101 ac
328 1062 398 1100 dolore
414 1063 495 1100 lirinum
514 1063 553 1100 sibi
574 1062 671 1100 fecerunt
692 1062 833 1112 propositum,
851 1062 916 1100 vitam

105 1126 203 1173 deinceps
216 1123 348 1168 emendandi,
360 1124 429 1175 longis
442 1123 620 1161 adhortationibus
632 1123 739 1161 instruere
754 1129 789 1161 aut
801 1124 833 1161 vel
845 1124 916 1161 incre·

105 1199 155 1237 pare
167 1185 232 1230 velle,
245 1197 423 1234 supermiraneum
437 1191 476 1229 est,
489 1185 562 1235 quilius
574 1185 627 1222 satis
640 1185 680 1222 erit
691 1185 824 1222 necessarias
836 1191 915 1223 tantum

105 1247 256 1285 instructiones
269 1257 292 1282 ac
305 1246 397 1284 remedia
408 1258 532 1295 proponere.
546 1246 673 1284 Rudiorihus
686 1258 748 1291 vero,
761 1246 882 1290 obstinatis,
896 1252 917 1283 et

105 1308 144 1352 nis,
158 1307 191 1357 qui
203 1307 338 1358 gravissimis
351 1307 431 1345 onerati
442 1307 535 1357 peccatis
548 1307 646 1358 exignum
659 1307 765 1345 admodum
775 1307 915 1356 compunctio-

106 1369 138 1407 nis
151 1380 174 1405 ac
190 1368 329 1418 poenitentiae
345 1380 395 1417 prae
411 1380 433 1405 se
449 1368 519 1405 ferunt
534 1368 650 1417 specimen,
665 1368 761 1417 pressius
779 1367 915 1418 imponendae

106 1441 192 1473 manns,
207 1429 220 1465 i.
237 1441 254 1465 e.
274 1429 357 1478 longius
377 1441 412 1465 eos
429 1429 550 1466 efficacibus
565 1429 637 1465 verbis
655 1429 763 1465 instruere
780 1436 800 1466 et
823 1441 915 1479 arguere

106 1494 195 1539 oportet.
212 1488 330 1526 Cavendum
342 1495 410 1525 tamen
423 1495 464 1533 est,
481 1501 506 1526 ne
521 1489 600 1526 modum
613 1489 700 1527 excedat
711 1489 731 1525 iu
745 1489 805 1538 copia
823 1489 915 1534 dicendi,

105 1549 277 1598 studendnmque,
289 1555 361 1601 utnon
377 1549 417 1586 nisi
430 1550 559 1600 gravissima
567 1550 644 1600 seligat
656 1550 807 1594 confessarius,
821 1555 841 1587 et
853 1562 915 1599 quan-

105 1618 147 1649 tiun
156 1610 202 1648 fieri
211 1616 287 1660 potest,
302 1611 408 1647 brevibus·
414 1611 691 1660 complectatursententiis.
706 1610 783 1658 Quodsi
795 1611 856 1648 nimis
868 1623 915 1648 ver-

105 1674 169 1711 bosus
182 1672 250 1709 onmia
265 1671 324 1709 sinml
337 1672 434 1720 prolerre
449 1672 507 1717 velit,
520 1672 538 1709 si
551 1672 651 1711 doctrinis
664 1673 778 1717 doctrinas,
791 1678 916 1724 argumenta

106 1733 237 1787 argumentis
259 1734 391 1772 accumulare
414 1733 532 1780 adlaboret,
554 1734 675 1773 memoriam
698 1735 766 1773 obruit
785 1734 915 1786 taediumque

107 1804 176 1844 creat,
190 1797 319 1835 adstantibus
332 1796 415 1849 longius
428 1798 490 1835 otium
503 1797 580 1843 reddit,
594 1811 605 1836 a
616 1811 639 1835 re
651 1797 762 1849 principali
773 1797 834 1837 facile
847 1798 915 1836 diver-

106 1862 131 1900 tit
143 1873 207 1910 seque
223 1860 289 1910 ipsum
302 1861 423 1898 irecessario
436 1866 530 1910 tempore
541 1861 621 1911 privat,
638 1861 796 1911 applicationem
815 1862 915 1899 salutaris

105 1922 245 1975 poenitentiae
262 1923 369 1960 constanti
389 1923 517 1961 ostendendi.
536 1923 605 1972 Quare
625 1923 769 1962 confessarius
783 1924 866 1962 illorum
884 1925 915 1961 in-

106 1985 179 2037 primis
198 1990 318 2033 respectnm
331 1983 406 2022 habeat
417 1991 566 2035 peccatorum,
579 1998 630 2035 quae
650 1986 779 2038 singularem
792 1986 915 2024 instructio-

106 2059 152 2086 nem
171 2052 192 2083 et
207 2045 373 2083 adhortationem
392 2047 486 2097 enignnn
506 2053 526 2084 et
538 2047 635 2097 quidquid
652 2048 672 2085 in
696 2060 747 2086 casu
762 2048 866 2099 singulari
891 2048 915 2086 ad

105 2108 244 2160 poenitentem
263 2107 389 2145 edocendum
408 2115 428 2145 et
440 2108 587 2146 emendandum
600 2109 708 2146 dicendum
722 2116 765 2154 est,
778 2109 797 2147 id
815 2109 915 2147 brevibus

107 2169 269 2216 efficacibusque
281 2169 353 2206 verbis
366 2170 437 2207 dicere
450 2177 516 2207 curet.
529 2170 636 2207 b‘eniinem
648 2183 698 2208 vero
711 2170 810 2215 dimittat,
830 2171 863 2209 cui
876 2182 915 2208 uon

106 2231 189 2268 studeat
205 2228 280 2266 addere
294 2231 367 2266 saltem
387 2231 497 2267 scintillam
518 2230 541 2267 ad
554 2231 656 2275 calorem,
676 2243 714 2280 qno
733 2231 826 2280 Spiritus
847 2231 915 2269 sancti

105 2292 176 2344 gratia
189 2302 225 2328 cor
237 2291 364 2338 poenitentis
376 2291 456 2329 imbuit.
475 2292 521 2329 nist
534 2292 586 2329 enim
599 2292 638 2329 hoc
650 2292 697 2338 fiat,
717 2292 840 2330 confitentes
853 2304 914 2343 egre-

105 2353 187 2392 dientur
200 2363 284 2389 sacrum
297 2352 388 2390 tribunal
401 2352 536 2403 frigidiores,
550 2365 608 2402 quain
621 2353 760 2390 intraverant.

179 2409 203 2460 6]
216 2413 325 2450 Postremo
339 2414 542 2451 animadvertendum
555 2419 663 2463 putamus,
676 2414 723 2451 fieri
734 2426 810 2464 posse,
828 2421 850 2452 ut
863 2414 914 2453 adeo

104 2474 243 2526 pusillanimis
259 2473 304 2523 quis
317 2474 354 2519 sit,
373 2481 491 2524 tantamque
509 2481 644 2524 peecatorum
664 2488 749 2512 suorum
769 2475 915 2513 contritionem

106 2536 238 2585 conceperit,
257 2540 280 2571 ut
292 2536 409 2574 consultum
420 2537 489 2585 potins
503 2536 543 2580 sit,
561 2535 675 2574 consolari
690 2549 714 2575 ac
727 2537 870 2586 confortare,
883 2537 914 2574 in-

105 2598 183 2635 finitam
196 2596 236 2634 Dei
247 2595 360 2633 honitatem
374 2609 397 2635 ac
410 2597 576 2635 misericordiam
589 2598 613 2634 ob
626 2599 698 2635 oculos
711 2597 728 2634 ei
740 2597 842 2646 ponendo,
855 2609 914 2646 quam

106 2657 205 2695 exhibere
218 2656 271 2693 solet
283 2655 328 2700 nis,
344 2657 378 2705 qui
390 2664 433 2695 toto
446 2659 508 2695 corde
522 2665 672 2695 convertuntur
689 2659 713 2696 ad
724 2659 784 2695 Eum.
797 2659 819 2694 ln
835 2670 914 2709 genere

105 2720 180 2767 regula
191 2718 279 2756 tenenda
288 2723 326 2760 est,
340 2729 399 2766 quam
413 2720 435 2756 S.
449 2719 569 2770 Gregorius
581 2720 610 2756 M.
622 2719 693 2764 tradit,
701 2719 805 2768 justitiam
814 2719 854 2756 Dei
867 2725 913 2756 ante

105 2785 213 2828 peecatum
226 2779 343 2822 timendam,
355 2785 403 2827 post
413 2786 523 2828 peceatum
535 2792 586 2818 vero
598 2780 618 2817 in
631 2780 777 2819 misericordia
789 2779 913 2830 sperandum

106 2851 160 2876 esse.
181 2840 269 2885 bilem,
291 2839 324 2891 qui
335 2841 470 2889 peccaverit,
486 2842 555 2887 dicat,
574 2842 621 2891 qnia
633 2842 704 2890 justus
722 2848 754 2879 est
773 2842 865 2888 [Deus],
889 2841 913 2878 de

105 2900 188 2952 peccati
198 2902 323 2940 remissione
335 2901 429 2950 despero.
442 2903 532 2941 Relaxat
544 2903 597 2940 eninr
609 2905 667 2941 Dens
680 2903 772 2948 lacinus,
786 2901 837 2952 qnod
850 2901 913 2941 delle-
