2056 3193
147 127 191 172 140

146 244 253 296 ignorant,
269 243 343 279 doceas
358 238 478 278 infeliciter.
496 240 596 289 Quamdiu
612 239 695 278 dubium
715 247 761 287 est,
780 253 828 279 num
846 239 955 290 poenitens

146 305 217 344 bacin
229 316 252 341 re
264 301 381 351 deliquerit,
394 314 433 341 nec
445 315 478 348 nc,
489 310 550 342 utere
563 301 658 341 terminis
671 306 692 338 et
704 302 876 350 expressionibus
892 313 955 352 gene-

147 367 197 404 ricis
210 371 230 401 et
241 364 282 400 late
294 363 421 412 patentibus,
433 371 463 410 ut,
476 364 494 402 si
505 364 586 415 reipsa
596 375 647 400 reus
660 362 694 407 sit,
706 362 813 414 intelligat
825 370 845 402 et
857 363 955 408 fateatur,

148 428 177 465 sin
190 425 264 469 rninus,
276 424 304 461 nil
316 424 364 462 inde
375 425 431 470 novi,
443 426 472 463 nil
483 425 597 476 periculosi
609 424 682 462 discat.
697 422 779 461 Similia
791 432 862 463 monet
880 425 902 464 S.
917 424 955 462 Oa-

146 488 213 525 rolus:
232 485 341 524 „Prudens
354 493 469 537 cautusque
482 488 522 525 erit
534 486 643 525 confessor
661 484 681 522 in
697 484 912 535 interrogationibus,
931 498 956 524 ne

146 547 232 584 rudibus
244 548 372 596 praesertim
391 554 452 597 atque
464 548 573 597 utriusque
589 559 653 584 sexus
666 545 786 594 junioribus
804 546 829 583 ad
846 558 922 586 novum
936 553 957 584 et

145 620 249 658 nunquam
262 615 309 646 ante
322 615 445 646 attentatum
457 610 528 646 scelus
545 608 676 647 occasionem
688 606 801 656 praebeat,
816 608 851 644 vel
867 609 954 658 aperiat.

146 669 174 707 Hi
185 675 254 707 tamen
273 670 297 707 de
314 669 419 719 peccatiS,
438 681 525 718 quorum
542 671 619 707 nullam
639 669 660 706 in
679 668 811 707 confessione
829 670 953 708 mentionem

145 731 249 775 fecerunt,
262 730 313 767 etin
326 730 399 780 quibus
410 730 547 780 probabiliter
559 730 667 768 aestimari
678 736 766 780 possunt
774 729 894 779 deliquisse,
906 744 954 780 pru·

146 792 203 829 denti
215 791 310 829 cautione
321 790 467 842 interrogandi
479 798 547 837 erunt,
566 804 590 829 ue
604 798 638 829 aut
649 791 728 841 pudore
742 797 777 828 aut
788 791 909 842 ignorantia
922 804 955 829 ce-

145 855 188 891 lent
199 852 307 902 peccata.’'
319 855 347 890 Et
359 853 398 890 alio
410 853 469 891 loco:
488 853 588 891 „Suruma
600 852 710 903 prudentia
722 865 747 890 ea
765 852 789 889 de
800 864 825 889 re
836 852 956 903 interroget

146 914 246 951 mulieres
259 919 294 950 aut
306 914 465 958 adolescentes,
483 926 509 950 ne
521 926 565 959 eos,
585 914 637 963 quod
649 914 756 965 ignorant,
769 913 868 958 edoceat,
887 913 954 963 iisque

146 981 217 1013 utatur
228 974 412 1023 vmbispudorem
423 974 506 1011 minime
517 974 669 1013 laedentibus.’'

221 1038 244 1083 e]
256 1036 438 1086 Interrogationes
455 1042 501 1072 tuas
518 1035 586 1085 incipe
602 1035 626 1073 ab
646 1048 683 1080 ec,
702 1035 755 1086 quod
767 1034 806 1073 hac
817 1035 838 1072 in
850 1047 873 1072 re
889 1034 957 1073 minus

147 1097 240 1135 odiosum
253 1103 296 1141 est,
314 1104 334 1134 et
345 1097 398 1134 unde
410 1096 491 1134 initium
509 1097 572 1134 sumit
582 1097 650 1146 ipsum
662 1103 783 1145 peccatum,
800 1096 884 1134 scilicet
898 1109 910 1134 a
922 1109 956 1134 co·

147 1157 290 1209 gitationibus,
307 1157 428 1202 desideriis,
445 1157 516 1195 verbis
527 1157 603 1195 'auditis
615 1163 651 1195 ant
661 1157 759 1206 prolatis,
773 1157 854 1201 avisn,
870 1158 894 1195 ab
912 1156 957 1202 his,

147 1218 165 1256 si
176 1230 264 1257 necesse
279 1217 356 1263 fucrit,
371 1218 471 1256 transibis
484 1218 509 1257 ad
521 1218 631 1269 colloquia,
648 1217 794 1257 conventicula
809 1218 955 1264 clancularias,

148 1280 172 1317 ad
184 1280 284 1317 actiones¹
303 1280 327 1318 si
337 1279 445 1328 poenitens
457 1279 510 1317 liber
523 1285 568 1317 erat
580 1292 591 1317 a
602 1280 673 1329 pravis
688 1271 862 1330 cogitationibuS,
881 1286 916 1317 aut
929 1279 955 1317 iis

147 1340 233 1385 restitit,
244 1353 310 1390 neque
322 1341 367 1390 ipsc
379 1330 510 1379 occasionem
522 1340 563 1378 illis
575 1340 638 1387 dedit,
650 1340 764 1379 abstinebis
778 1340 802 1379 ab
820 1340 955 1378 ulterioribus

148 1402 311 1452 quaestionibus.
328 1403 360 1439 Ita
373 1402 477 1440 consuluit
492 1402 514 1440 S.
534 1403 661 1441 Franciscus
680 1402 787 1448 Salesius,
805 1408 826 1439 et
842 1402 863 1439 in
881 1402 957 1452 regula

148 1463 186 1501 boc
201 1470 335 1513 praeceptum
352 1464 415 1500 valet.
432 1463 513 1501 Verum
528 1475 574 1501 cum
589 1463 649 1501 multi
668 1464 719 1506 sint,
737 1463 771 1516 qui
788 1462 928 1514 cogitationes
945 1475 957 1500 a

148 1524 270 1569 desideriis,
287 1532 309 1563 et
319 1525 371 1575 ipsis
386 1525 436 1563 adeo
452 1525 569 1564 actionibus
580 1526 616 1563 vix
628 1525 762 1571 discernant,
775 1525 914 1575 credantque,
934 1537 957 1562 se

149 1587 243 1625 actiones
259 1599 339 1636 quoque
356 1587 464 1632 confiteri,
482 1587 529 1624 dum
541 1599 564 1624 se
581 1587 605 1624 de
622 1588 694 1637 pravis
711 1586 874 1637 cogitationibus
896 1597 957 1624 accu-

149 1654 206 1694 sant,
224 1654 259 1685 aut
271 1648 311 1685 sibi
322 1648 475 1697 persuadeant,
493 1661 516 1686 se
531 1660 570 1685 non
583 1660 695 1698 peccasse,
713 1648 759 1686 dum
775 1648 795 1685 in
812 1648 870 1697 ipsas
893 1647 957 1686 aetio·

148 1722 185 1748 nes
206 1722 245 1747 uon
269 1717 422 1760 proruperunt,
446 1710 497 1748 licet
514 1717 588 1759 sponte
606 1717 627 1748 ct
644 1710 762 1748 voluntarie
780 1710 851 1760 pravis
877 1708 957 1760 cogita-

148 1771 238 1810 tionibus
251 1777 271 1809 ct
283 1771 393 1810 desideriis
409 1784 457 1809 sese
472 1772 595 1821 occuparint
607 1779 628 1810 et
640 1772 738 1810 delectati
752 1771 804 1816 sint,
819 1771 865 1809 ideo
881 1770 957 1807 nonde

148 1833 237 1871 internis
248 1839 339 1879 tantum,
356 1834 392 1872 sed
404 1833 428 1872 de
444 1833 594 1879 exterioribus,
607 1846 688 1884 quoquc
699 1833 794 1883 peccatis
806 1831 957 1882 interrogabis.

147 1896 179 1933 Ita
191 1895 307 1945 experieris
319 1908 475 1946 nortnunquam,
488 1898 513 1944 a)
526 1908 570 1941 eos,
583 1895 648 1945 quide
657 1895 707 1934 solis
720 1893 884 1947 cogitationibus
892 1906 914 1931 se
923 1905 957 1932 ac·

149 1964 256 2002 cusarunt,
268 1970 317 1995 reos
330 1970 377 1996 esse
385 1958 497 1996 verborum
506 1957 646 2003 etactionum,
658 1958 703 1996 sive
716 1958 769 2008 quod
781 1955 921 2009 cogitationes
933 1956 958 1993 ab

148 2019 264 2058 actionibus
276 2019 376 2057 nonsatis
385 2019 540 2066 discriminentg
553 2019 598 2057 sive
606 2020 659 2070 quod
667 2020 705 2058 tibi
716 2019 848 2058 occasionem
854 2018 957 2068 praebere

147 2081 323 2131 voluer·int‚ipsos
332 2081 356 2120 de
367 2081 483 2120 actionibus
491 2081 644 2133 interrogandi,
658 2082 682 2121 de
691 2082 764 2132 quibus
772 2093 794 2119 se
803 2092 905 2119 accusare
919 2091 958 2117 non

148 2144 236 2188 audent,
249 2143 290 2180 nisi
303 2156 313 2181 a
330 2143 467 2182 confessariis
480 2143 610 2193 adjuventur.
622 2140 648 2192 β)
660 2143 791 2194 Experieris,
805 2155 852 2181 esse
860 2142 916 2180 inter
925 2141 958 2190 ju-

148 2218 221 2250 venes,
228 2206 271 2256 qui,
279 2205 374 2244 licetnon
382 2206 451 2244 norint
458 2212 568 2256 peccatum
575 2212 649 2244 contra
658 2206 779 2257 puritatem,
786 2212 855 2244 tamen
861 2204 960 2242 incusent

148 2280 170 2304 sc
177 2268 201 2305 de
209 2267 279 2317 pravis
286 2267 457 2318 cogitationibus,
465 2268 499 2305 vel
506 2268 526 2305 in
538 2279 617 2318 genere
626 2281 649 2306 se
657 2274 731 2307 eontra
745 2267 864 2306 castitatem
871 2276 959 2315 peccas-

149 2341 177 2366 se.
187 2328 254 2374 Cave,
261 2341 286 2366 nc
294 2328 326 2366 his
333 2329 427 2379 loquaris
435 2329 460 2367 dc
467 2329 603 2379 impudicitia,
612 2329 649 2368 sed
656 2330 785 2380 italoquere,
794 2336 816 2367 ut
822 2328 863 2378 ipsi
871 2327 960 2365 afferant

150 2391 240 2439 speciem
251 2391 344 2440 peccati,
359 2391 411 2441 quod
425 2391 557 2429 confitentur.
570 2390 666 2437 Videbis,
683 2391 767 2441 saepius
780 2391 845 2429 verba
862 2395 883 2426 et
895 2387 959 2427 actio-

149 2463 186 2489 nes
203 2464 242 2490 non
261 2452 327 2490 fuisse
340 2460 414 2491 contra
425 2453 549 2503 puritatem,
562 2452 598 2490 sed
611 2454 664 2504 apud
675 2453 763 2491 honeste
776 2459 797 2491 et
808 2454 899 2504 ingenue
911 2449 960 2488 edu-

150 2519 218 2557 catos,
236 2521 309 2552 contra
327 2515 435 2559 decorem,
452 2515 606 2561 urbanitatem,
630 2528 682 2566 quae
697 2514 739 2553 illis
760 2515 784 2553 ab
802 2511 960 2552 institutoribus

149 2574 203 2619 suis,
222 2587 233 2611 a
248 2576 380 2624 parentibus,
396 2576 497 2625 majorem
515 2576 535 2614 in
553 2576 634 2614 modum
654 2577 708 2615 domi
720 2575 884 2615 commendatur.
901 2575 961 2612 Etsi

149 2635 276 2684 suspicaris,
291 2649 326 2674 eos
340 2637 472 2675 inhonestam
485 2637 589 2676 actionem
602 2637 704 2687 ejusmodi
714 2644 820 2687 patrasse,
832 2647 857 2673 ue
871 2647 960 2685 quaeras

149 2698 241 2741 directe,
260 2698 455 2748 11111111111111111151,
469 2701 619 2750 (1111111551115,
636 2698 672 2737 1151
680 2700 795 2738 sodomiae
806 2699 904 2736 crimen?
924 2698 961 2736 sed

147 2757 300 2810 interrogabis
308 2760 362 2809 quid
367 2763 459 2810 51511111,
473 2773 522 2799 511111
530 2773 581 2814 qtae,
592 2767 632 2799 etc.
641 2764 651 2798 ?
663 2761 737 2801 1111155
748 2766 810 2811 pacto
819 2771 845 2797 ex
853 2760 960 2809 poeniten-

148 2823 174 2860 tis
181 2834 217 2860 ore
224 2822 320 2872 speeiem
326 2822 414 2869 peccati,
422 2822 502 2868 elicies,
511 2822 559 2872 quin
569 2823 645 2861 subeas
652 2823 768 2873 periculum
777 2821 864 2859 docendi
873 2820 959 2869 illam¹].

158 2903 355 2913 ’.α-,-

173 2956 187 3000 1)
199 2955 238 2990 Cir.
249 2953 327 2989 Gerson
337 2954 360 2987 de
370 2958 411 2988 arte
421 2956 507 2990 audiendi
517 2958 604 2990 confess.
613 2956 668 2992 Tem.
676 2956 701 2989 ΙΙ.
711 2953 763 2989 Ρ.ΙΙ.
775 2953 961 2989 Constantem.
