2056 3193
94 93 139 137 ala

96 209 187 248 ‚adustos
199 206 328 260 virginitatis
341 208 434 256 caritas,
446 209 505 248 locus
518 211 611 249 custodis
622 211 742 252 humilitas*
751 211 776 261 ¹).
790 211 844 261 »9111
857 213 902 252 sola

96 271 223 308 continentia
235 272 310 308 bellum
321 271 361 309 hoc
373 284 474 321 superare
486 273 566 323 nititur,
579 273 653 310 similis
666 264 907 326 estei‚qui·una1nanu'

95 338 170 369 natans
186 333 262 383 pelago
277 332 364 369 liberari
383 332 498 378 contendit,
517 333 545 370 sit
568 345 620 385 ergo
638 333 744 372 humilitas
763 334 902 373 continentiae

62 398 63 401 ’
96 391 238 439 conjurreta²].
554 404 556 407 ¹
909 395 913 401 ’

166 454 193 499 i]
207 451 268 490 Usus
279 453 374 502 inprimis
392 453 540 491 remediorum
551 453 707 501 religiosorum
713 482 721 503 ,
735 467 787 504 quae
799 455 854 492 inter
866 468 902 506 nnf
937 486 939 491 .

95 520 213 550 merantur:
222 515 247 560 a]
255 512 382 551 Roiruluatio
395 508 495 551 locorum
506 526 586 551 sacrae
595 511 737 564 Scripturae,
750 516 771 552 in
779 514 853 563 quibus
864 514 903 552 hoc

95 573 167 610 vitium
185 573 317 622 prohibetur,
336 579 357 610 et
375 573 499 611 castimonia
510 574 639 619 inculcatur;
656 574 762 613 meditatio
783 574 904 613 Passionis

60 629 61 636 ¹
94 632 463 682 Doneiuialiarumqueveritatum,
479 634 553 683 quibus
569 634 649 671 animus
662 634 686 672 ad
705 635 805 673 sectanda
823 635 903 674 charis·
935 652 936 655 ¹

95 700 151 731 atrata
162 694 248 731 meliora
260 700 363 744 urgetur,
382 694 439 731 seria
455 694 595 732 consideratio
618 701 705 744 quatuor
725 698 903 733 novissimorum.

95 756 127 792 De
139 754 179 793 hae
192 755 213 792 S.
226 754 337 791 Anselmus
349 755 401 791 bene
413 754 535 803 praefatur:
555 753 648 802 „Quodsi
660 754 726 793 adhuc
734 745 736 747 .
744 756 815 793 earnis
832 757 904 793 stimu-

95 816 121 852 lis
145 815 252 865 langeris,
276 815 294 852 si
313 814 378 853 adhue
397 814 488 852 libidinis
507 815 646 866 suggestione
661 816 763 865 pulsaris,
783 816 905 854 memoriam

95 876 169 913 mortis
183 876 221 913 tibi
238 876 314 923 objice,
334 876 386 913 diem
399 870 466 913 exitus
479 876 509 912 tui
521 887 623 925 propone,
638 877 700 914 finem
714 877 770 914 vitae
789 878 815 915 ad
833 878 905 915 oculos

96 937 176 975 adhibe.
188 938 283 986 Propone
296 936 332 974 tibi
344 937 437 974 futurum
445 936 547 985 judicium
562 943 583 975 et
595 936 665 975 futura
677 944 782 976 tormenta
788 925 799 983 ;⁰
813 947 905 988 propone

96 999 133 1037 tibi
149 999 277 1036 infernorum
300 1004 413 1050 perpetuos
431 999 507 1050 ignes,
524 1012 615 1049 propone
637 1000 674 1038 tibi
693 1000 806 1039 Gehonnae
828 1012 905 1051 poenas

97 1060 221 1100 borribilcs⁷⁵
236 1057 262 1108 ³].
298 1060 323 1112 a]
348 1059 459 1100 Continuo
486 1061 611 1099 recordatio
641 1068 683 1100 tum
705 1061 748 1100 Dei
774 1064 857 1114 ipsias,
885 1062 906 1100 in

97 1136 135 1174 quo
152 1123 255 1168 vivimus,
280 1135 387 1161 monemur
406 1129 426 1160 et
444 1135 529 1168 sumus,
552 1129 595 1162 tum
611 1124 673 1162 etiam
687 1123 766 1174 Aaqeii
786 1123 904 1174 Oiosiodis,

97 1185 131 1234 qui
143 1185 168 1223 ad
180 1185 265 1222 tutelam
277 1190 371 1222 nostram
383 1184 494 1234 deputatus
507 1191 546 1222 est.
568 1184 628 1224 Haec
648 1180 818 1237 enimcogitatio
837 1186 858 1223 id
876 1185 915 1232 ef·-

97 1246 152 1293 ficit,
171 1252 193 1284 nt
212 1258 315 1296 nunqnam
336 1252 396 1296 turpe
416 1245 491 1296 aliquid
511 1247 532 1283 in
555 1253 669 1296 conspectu
687 1247 728 1285 Dei
749 1247 832 1285 audeas.
852 1246 913 1295 Quo:

97 1308 155 1347 modo
169 1308 230 1353 enim,
244 1307 296 1358 quod
311 1307 381 1346 facere
394 1308 504 1345 erubescis
512 1325 524 1353 ,·
535 1307 553 1345 si
561 1308 646 1346 'videret
658 1309 814 1359 qualiscumque
831 1308 906 1355 homo,

97 1370 116 1408 id
128 1370 213 1408 audebis
225 1370 245 1407 in
257 1375 327 1407 tantae
338 1369 457 1418 ulajestuis
470 1376 592 1419 conspectu,
605 1377 665 1420 atque
677 1371 809 1420 inspectante
818 1377 852 1408 tuo
864 1372 906 1415 An,-

98 1432 145 1482 gelo
159 1431 415 1486 Cristode3ilecusatore‚
435 1431 562 1480 ι1111111111)
573 1429 672 1469 Humilis
683 1435 706 1469 oi
713 1433 806 1481 ferveas
817 1434 889 1469 oratio
897 1460 905 1481 ,
947 1456 953 1460 .
991 1432 993 1434 ’

98 1504 137 1542 qua
149 1505 186 1542 per
202 1492 277 1529 merita
293 1492 411 1529 Salvatoris
422 1492 547 1541 imploratur
559 1492 634 1529 efficax
651 1493 693 1530 Dei
711 1493 815 1530 auxilium.
833 1494 908 1542 „Elui
948 1499 950 1503 '

98 1554 167 1597 scivi,
178 1553 272 1603 quoniam
285 1565 324 1590 non
340 1553 400 1590 aliter
413 1556 463 1590 esse'
473 1565 555 1602 possem
569 1554 687 1598 coartinens,
707 1554 747 1591 nisi
758 1554 817 1591 Deus
830 1553 874 1597 det,
887 1558 908 1590 et

98 1614 137 1652 hoc
148 1615 215 1663 ipsum
228 1620 274 1651 erat
286 1614 398 1663 sapientia,
418 1614 474 1652 scire
487 1614 546 1662 cujus
559 1620 616 1650 esset
627 1614 666 1652 hoc
679 1615 764 1658 donum,
783 1614 824 1651 adii
835 1613 912 1651 Domi.

98 1688 158 1719 1111111,
172 1681 192 1712 et
203 1675 328 1724 deprecatus
341 1687 387 1711 sum
398 1675 466 1719 illum,
479 1680 500 1712 et
513 1675 555 1712 dixi
567 1688 593 1712 ex
605 1676 654 1712 totis
666 1675 796 1725 praecordiis
811 1672 907 1721 metam).

98 1736 228 1785 Impossibile
246 1736 300 1772 enim
312 1741 355 1780 est,
373 1735 475 1772 lmminem
494 1735 538 1772 suis
555 1736 628 1784 pennis
650 1737 674 1773 ad
689 1735 807 1784 hujusmodi
822 1735 908 1772 virtutis

98 1797 212 1846 praemimu
228 1797 329 1840 evolare,
341 1796 382 1832 nisi
398 1796 527 1846 cumgratia
542 1796 647 1832 evexerit:
666 1796 746 1834 idcireo
759 1796 863 1833 adeundus
877 1801 909 1832 est

97 1857 210 1900 Dominus,
230 1862 250 1892 et
262 1869 287 1892 ex
299 1856 349 1892 totis
364 1856 495 1903 praecordiis
508 1856 659 1904 deprecandus.
682 1856 737 1893 Hinc
750 1855 773 1892 S.
791 1855 908 1903 Cyprianus

98 1917 150 1954 bene
163 1916 250 1954 monuit:
270 1917 341 1954 „Inter
356 1915 408 1953 haec
424 1916 491 1953 media
507 1915 532 1952 ad
544 1915 675 1952 obtinendam
692 1915 810 1953 castitatem
827 1916 867 1952 imo
889 1920 909 1950 et

99 1982 146 2013 ante
159 1976 227 2013 omnia
246 1976 298 2013 haec
310 1976 334 2012 de
354 1975 428 2016 divinis
442 1976 519 2013 eastris
532 1975 762 2024 attxttiunopetendum
780 1972 865 2022 est”⁵],
884 1971 908 2021 d]

98 2036 190 2075 Doooiio
203 2049 256 2085 ei'qa
270 2039 418 2074 castissimam
430 2034 473 2073 Dei
492 2034 589 2074 illationi
596 2064 604 2086 >
625 2036 737 2088 Virginem
748 2036 910 2080 immaculatam,

99 2099 175 2146 eteius
188 2111 286 2147 sponsum
299 2096 440 2135 castissimum
455 2095 590 2147 Josepbom,
608 2097 701 2147 aliosque
718 2097 822 2135 eastitatis
840 2102 910 2144 patro·

54 2187 55 2190 =
99 2171 143 2198 nos.
168 2161 188 2206 e]
203 2157 320 2210 Frequens
341 2161 363 2196 et
380 2157 471 2196 denotas
489 2149 689 2196 Sacrameaioram
709 2170 771 2202 usus,
790 2164 811 2194 et
830 2157 911 2208 quidem

99 2222 165 2273 quoad
176 2220 321 2260 Poenit'entiae
335 2220 506 2265 Sacramentum,
525 2226 548 2258 nt
559 2231 599 2258 nno
612 2220 725 2271 eodemque
744 2232 827 2270 semper
839 2225 924 2257 utatur-

99 2284 207 2336 poenitens
221 2283 362 2330 confessario,
381 2283 427 2321 viro
440 2283 499 2322 docto
512 2282 586 2334 pioque
599 2295 623 2322 ac
635 2283 741 2333 prudenti,
755 2282 814 2332 cujus
827 2281 910 2321 monitis

99 2348 189 2386 fideliter
207 2353 227 2384 et
242 2352 363 2386 constanter
379 2346 515 2396 obtemperet.
536 2344 607 2394 Quoad
624 2345 780 2384 Eucharistiam
799 2356 910 2384 sacrosan-

101 2416 164 2455 ctam,
183 2409 283 2459 frequens
299 2421 345 2447 cum
364 2420 440 2460 magna
452 2398 571 2445 reverentia
584 2413 605 2445 et
620 2407 730 2445 devotione
748 2407 841 2455 ejusdem
859 2419 911 2444 usus

101 2471 239 2523 consulendus
252 2476 292 2514 est,
305 2471 378 2522 quime
394 2480 466 2520 quaea
479 2469 571 2507 Concilio
585 2469 708 2507 Tridentino
721 2469 842 2507 Antidotum
849 2480 911 2506 voca-

6 2555 8 2557 .
39 2576 42 2579 .
100 2538 144 2577 tur,
160 2544 198 2582 quo
211 2545 250 2570 non
266 2532 358 2569 soluma
373 2531 439 2580 errlpis
455 2530 581 2580 quotidianis
593 2530 718 2575 liberamur,
737 2541 810 2567 verum
825 2530 912 2567 etiama

100 2593 194 2645 peccatis
211 2593 333 2631 mortalibus
349 2604 517 2642 praeservamnr.
539 2591 613 2631 „Licet
631 2591 695 2636 enim,
711 2598 734 2629 111
749 2598 807 2629 notat
820 2591 842 2629 S.
856 2590 911 2628 rPho-

100 2668 156 2701 mas,
175 2653 215 2692 hoc
227 2654 388 2693 Sacramentum
400 2666 439 2691 non
452 2653 533 2691 directe
546 2653 653 2691 ordinetur
672 2653 696 2690 ad
712 2653 869 2690 diminutionem
880 2652 911 2689 fo·

101 2718 172 2762 mitis,
185 2716 279 2753 diminuit
291 2722 359 2754 tanton
371 2714 463 2753 fondtem
475 2715 495 2752 in
508 2715 595 2765 quadam
608 2714 767 2764 consequentia,
779 2714 800 2751 in
812 2719 912 2764 quantum

105 2810 301 2818 -—-—-——-—-——

127 2863 141 2903 1)
152 2861 172 2895 S.
180 2862 228 2908 Aug.
239 2860 262 2894 de
272 2859 326 2903 Virg.
337 2869 353 2892 c.
362 2862 391 2893 51.
402 2880 425 2884 -
434 2863 450 2900 2)
461 2859 482 2893 S.
497 2858 551 2892 Clim.
566 2858 589 2892 de
602 2857 671 2892 Castit.
685 2858 752 2902 gradu,
767 2859 796 2891 15.
808 2877 832 2882 -
844 2860 861 2898 3)
873 2858 911 2891 Ex·

151 2910 201 2944 nort.
211 2911 234 2944 ad
245 2910 341 2942 Contemt.
352 2913 410 2952 temp.
421 2910 527 2951 ω1981111.
537 2908 587 2941 Vlll.
598 2909 628 2941 21.
638 2926 662 2931 —-
669 2910 684 2949 ⁵)
694 2909 723 2941 De
733 2908 787 2941 Bono
796 2907 860 2950 pudic.
