2056 3193
143 98 187 141 152

143 214 190 264 quid
203 216 290 266 diligas,
308 213 354 262 quid
367 219 460 257 metuas,
473 212 526 250 uude
539 213 644 263 gelmonis,
663 212 714 249 uude
728 212 841 250 tristerisfl
859 212 948 260 „Quem-

145 276 252 314 admodum
269 274 357 323 optimus
375 273 479 319 medicus,
497 280 519 311 ut
531 274 560 311 ait
576 273 597 310 S.
610 271 714 317 isidorus,
733 275 757 311 ad
770 273 900 325 aegrotantis
913 286 948 310 na-

146 343 205 374 turae
223 334 336 372 subsidium
355 340 400 371 arte
412 335 529 372 instructus
542 341 562 371 et
573 339 676 376 aramius,
695 346 741 370 1111111
753 335 818 371 variis
830 335 948 371 morborum

144 396 256 447 generibus
268 395 386 439 obsidetur,
404 396 505 433 ariversus
518 408 574 439 emu,
591 393 625 442 qui
637 393 707 430 acrius
720 400 793 444 rrrget,
807 395 827 432 in
840 395 949 443 procinctu

143 463 211 499 stans,
229 468 278 500 tros,
296 456 330 505 qui
346 456 464 493 dilationem
483 457 601 498 admittunt,
619 454 638 490 iu
656 454 760 502 posterius
776 461 858 498 servat,
877 457 948 493 eodem

142 516 200 553 modo
213 524 233 552 et
245 522 266 553 tu
280 529 359 565 quoque
372 516 518 553 medendarum
529 517 643 552 animarum
656 514 764 552 scieutiam
776 515 886 563 prudentia
898 522 948 552 tem·

140 588 226 624 perans,
239 577 263 613 ad
276 577 303 620 id,
316 576 368 625 quod
381 576 467 625 amptius
480 581 550 627 urget,
563 576 669 613 ocrdorum
683 574 747 612 aciem
760 574 853 619 interulae,
867 588 912 612 uam
925 588 949 613 eo

141 643 215 674 sanato
228 649 276 685 spes
289 643 332 680 est,
344 636 390 673 fore
405 642 426 673 ut
438 635 517 683 reliqua
530 636 591 672 tetiam
604 634 724 672 sariturtrtr.”

216 696 316 744 Quoniam
337 708 387 732 vero
404 696 449 732 fons
465 702 598 742 peccatorum
614 708 765 744 saummuuuero
782 696 800 731 iu
821 708 859 732 uuo
881 696 948 745 aliquo

139 761 229 806 peccota
239 756 423 806 praedominante
435 756 493 799 latet,
510 756 534 792 ab
548 756 582 792 tuo
595 745 689 804 inprimis
703 756 823 807 [trrrgandus
835 762 866 792 est
880 757 949 805 poeni·

141 824 198 861 tens,
216 823 239 854 ut
253 816 417 854 ‹nuendattouem
433 817 487 853 vitae
505 828 591 864 sperare
610 816 680 853 liceat.
693 817 731 853 ast
743 816 843 865 tritomodo
861 817 949 866 agnosci

141 883 210 926 potest
220 884 341 926 peccatum,
355 877 406 926 quod
420 876 552 914 dominatur?
568 877 738 926 Respondmuus:
751 879 774 923 a]
793 877 849 926 Opus·
865 889 912 914 esse
925 878 949 915 ad

140 938 160 975 id
170 939 273 987 peculiari
285 938 369 989 gratia,
387 950 447 987 quatu
459 938 550 987 largitur
563 939 620 974 [tous
633 938 669 980 iis,
685 950 736 986 tritos
750 938 774 974 ad
786 938 900 975 auuuarmu
917 951 949 974 re-

141 1000 255 1050 gendaram
272 1011 342 1037 curam
359 1005 439 1036 evocat.
455 999 479 1044 b]
499 998 672 1049 Cognosccudum
693 1005 740 1036 ante
756 998 823 1036 onmia
836 1010 883 1035 esse
902 1011 949 1049 pro-

140 1059 208 1108 prium
221 1073 269 1105 cor,
282 1072 394 1109 omnesque
410 1060 466 1097 illius
484 1066 551 1097 tuotus
566 1059 731 1110 digmmceudos,
752 1067 861 1109 autequam
880 1061 950 1098 cordis

142 1122 202 1158 alieni
215 1127 283 1158 motus
295 1121 320 1157 ad
332 1133 418 1157 examen
430 1132 535 1158 voceuurs.
550 1123 572 1166 c]
585 1120 708 1156 Diuturnaru
722 1120 898 1157 conscientiarum
917 1132 949 1157 re-

141 1182 257 1232 gendarum
273 1181 422 1231 experientiam
439 1193 477 1218 uou
496 1181 561 1218 ierem
575 1180 672 1218 conferre
686 1180 807 1232 facilitatem
819 1181 843 1219 ad
856 1182 908 1220 banc
921 1182 949 1219 di-

141 1243 281 1280 stiuctionem.
299 1243 323 1289 d]
337 1242 375 1279 Ubi
391 1242 474 1291 saepius
487 1242 641 1280 consessionem
658 1242 746 1290 alicujus
761 1243 887 1286 audiviuurs,
910 1255 949 1279 nou

141 1316 252 1352 operosum
265 1315 323 1348 esse,
336 1303 430 1340 defectus
442 1303 462 1339 in
474 1303 508 1340 illo
522 1303 674 1352 praepollentes
687 1315 825 1354 cognoscere,
842 1303 949 1342 dmumodo

140 1365 175 1402 ilie
188 1377 227 1402 non
240 1365 367 1410 dissimulet,
387 1377 450 1414 oeque
464 1364 594 1402 confessario
610 1364 665 1402 (laesit
676 1364 784 1415 diligentia
797 1372 817 1402 et
835 1365 949 1415 ingenium.

142 1426 180 1463 Ubi
192 1427 242 1464 licet
257 1426 324 1464 obiter
341 1426 482 1475 perpendere,
498 1438 557 1475 qtraut
576 1426 629 1463 male
641 1432 704 1477 agant
715 1426 757 1470 illi,
776 1426 810 1476 qui
821 1439 884 1476 saepe
902 1439 950 1464 eon-

141 1488 252 1526 fessarium
265 1494 351 1526 mutent.
364 1490 387 1535 e]
399 1487 514 1525 Dominaus
527 1487 588 1525 etiam
600 1487 725 1537 porenitcutis
737 1494 846 1537 peccatum
862 1488 950 1538 agnosci

141 1556 220 1598 potest,
239 1549 385 1600 cumprimum
401 1549 439 1586 su'a
451 1548 538 1586 crimina
551 1549 673 1594 confitetur,
691 1548 709 1585 si
726 1550 807 1587 animus
828 1549 950 1587 advertatur

141 1611 167 1648 iis
181 1610 340 1656 occasionibus,
357 1611 377 1648 in
394 1610 467 1661 quibus
483 1623 574 1660 peccare
594 1611 716 1654 consueuit,
732 1611 781 1647 etsi
794 1611 949 1662 interrogetur,

142 1685 179 1710 cur
192 1679 213 1710 et
224 1685 283 1722 quem
296 1673 321 1709 ob
333 1672 394 1709 finem
407 1684 441 1716 ea,
454 1672 478 1709 de
491 1672 564 1722 quibus
577 1684 599 1709 se
610 1677 703 1716 accusat,
715 1678 802 1721 peccata
814 1673 950 1717 commiserit,

142 1735 194 1783 quod
207 1734 379 1783 exsequentibus
392 1733 490 1781 exeruplis
502 1733 574 1770 videre
587 1740 626 1770 est.
639 1734 785 1782 Suppouatnus
797 1733 886 1783 aliquem
902 1745 949 1771 con-

142 1795 210 1839 fiteri,
228 1807 251 1831 se
264 1794 325 1832 festis
341 1795 413 1832 diebus
429 1800 537 1843 operatum
553 1794 629 1838 fuisse,
643 1794 730 1831 Missam
744 1806 783 1831 non
796 1794 911 1839 audivisse,
930 1793 950 1831 in

141 1857 185 1894 iras
203 1856 320 1900 exarsisse,
335 1855 432 1904 jurasse,
448 1855 591 1905 percussisse,
607 1855 692 1893 ultionis
704 1867 780 1893 sensus
792 1855 882 1900 fovisse3
903 1867 950 1904 per·

143 1917 266 1956 contendum
282 1923 324 1962 est,
341 1929 378 1955 cur
391 1917 474 1968 singula
489 1923 577 1966 peccata
593 1916 716 1965 patraverit.
736 1916 760 1954 st
771 1916 914 1965 responderit,
928 1928 950 1954 se

142 1979 166 2016 ob
179 1978 233 2017 lucri
245 1978 437 2028 cupiditatemhaec
448 1977 526 2028 egisse,
540 1984 630 2022 constat,
642 1978 661 2015 iu
674 1977 821 2015 hocdoniiuari
833 1977 949 2016 airaritiam.

143 2040 167 2078 Si
183 2046 251 2077 autem
266 2040 399 2090 reposuerit,
418 2051 441 2077 se
456 2039 532 2076 iratum
546 2039 623 2084 fuisse,
638 2039 686 2089 quia
699 2040 881 2084 contemnebatur,
898 2039 949 2077 Mis-

142 2114 187 2139 sam
198 2113 238 2139 nou
251 2101 351 2146 adivisse,
365 2101 412 2151 qnia
425 2113 436 2138 a
448 2101 511 2138 sociis
524 2100 625 2138 recedere
640 2113 679 2138 nou
698 2101 798 2145 audebat,
811 2113 836 2138 ne
852 2101 949 2139 illudere-

142 2169 186 2209 tur,
200 2163 306 2200 dominans
318 2163 373 2200 illius
386 2168 496 2211 peccatum
508 2162 606 2212 superbia
618 2169 651 2199 est
662 2162 695 2199 rel
706 2162 795 2200 vanitas.

214 2222 357 2275 Eoeeanplum.
370 2223 470 2261 Rusticus
483 2223 605 2262 confitetur:
617 2224 724 2260 Neminem
736 2223 815 2272 decepi,
828 2223 855 2260 nil
867 2223 949 2260 furatus

143 2297 201 2330 sum,
218 2297 284 2334 neque
297 2284 425 2329 adulteravi,
439 2284 463 2322 ab
476 2285 548 2322 ultima
561 2283 693 2322 confessione
706 2290 753 2322 aute
765 2296 840 2322 annum
854 2283 911 2322 facta
922 2284 949 2322 nil

143 2346 191 2384 mihi
207 2346 304 2385 conscius
321 2359 378 2391 sum,
396 2347 435 2383 uisi
455 2346 507 2395 qood
524 2345 603 2384 chartis
616 2346 703 2383 ludendo
716 2358 779 2395 saepe
796 2345 948 2391 maledixerint,

144 2413 164 2444 et
181 2408 262 2445 domum
277 2407 343 2445 redux
358 2420 444 2445 uxorem
468 2407 578 2457 prolesque
596 2408 752 2456 percusserint,
772 2406 876 2457 sociisque
897 2407 949 2445 meis

143 2469 226 2517 saepius
238 2468 320 2506 biduum
337 2469 469 2518 triduumque
480 2468 548 2505 iratus
560 2468 641 2505 fuerim.
657 2467 723 2518 Oons.
742 2466 810 2515 Quare
823 2469 900 2506 tamdiu
915 2481 948 2506 so·

143 2528 182 2568 ciis
193 2529 259 2567 iratus
275 2533 312 2568 es?
327 2529 415 2568 Poeuit.
433 2529 485 2577 Quia
499 2529 587 2567 ludendo
599 2530 708 2579 pecuniam
720 2541 785 2567 meam
799 2530 897 2568 amissam
913 2529 949 2567 isti

142 2590 220 2629 lucrati
231 2598 284 2629 sunt.
300 2589 365 2641 Uotis.
383 2591 444 2629 alodo
458 2591 517 2635 audi,
531 2591 578 2640 quid
589 2591 689 2629 benevole
702 2590 738 2628 tibi
750 2591 826 2629 dicam:
841 2591 948 2628 Neuduem

142 2651 245 2701 decepisti
256 2658 303 2698 ete,
316 2659 349 2690 ast
360 2659 471 2702 propterea
479 2652 568 2689 nondum
576 2651 648 2700 justus
661 2651 793 2690 Christianus
802 2659 822 2689 et
833 2652 899 2690 bouus
912 2665 947 2698 es,¹

141 2726 180 2753 nec
187 2711 254 2752 adhuc
262 2712 296 2761 jus
303 2714 328 2752 ad
335 2725 425 2765 regnum
434 2714 539 2751 coelorum
547 2713 618 2751 habes.
629 2714 686 2750 Ecce
695 2712 827 2752 Christianus
834 2713 900 2751 botrus
907 2726 947 2751 nou

142 2781 221 2813 tantum
234 2775 326 2813 enormia
337 2775 389 2813 vitat
399 2780 487 2824 peccata
499 2780 560 2824 atque
571 2773 661 2825 flagitia,
673 2786 760 2824 quorum
772 2774 825 2824 apud
837 2775 948 2813 tribunalia

141 2836 231 2875 bumana
242 2841 315 2886 posset.
326 2837 422 2875 accusari
430 2843 491 2886 atque
503 2836 579 2885 parturi,
591 2835 628 2873 sed
637 2834 736 2874 abhorret
748 2836 772 2873 ab
785 2836 885 2882 omnibus,
897 2838 948 2876 licet

142 2898 182 2951 ipsi
193 2898 277 2937 minima
293 2909 340 2935 esse
358 2898 478 2943 videantur,
494 2897 599 2947 peccatis
614 2898 662 2947 qiua
674 2897 826 2937 Sanctissimus
845 2899 903 2937 Dens
916 2900 947 2937 eis
