2017 3193
878 92 919 134 167

112 219 174 258 quea
193 203 351 243 circumstantia
362 204 406 250 illa,
423 205 444 241 iu
457 215 517 253 quam
525 204 642 252 juraverit,
660 205 705 243 sive
720 204 774 242 falsa
787 203 831 240 sive
845 203 920 249 dubia,

112 280 189 307 causae
202 278 251 303 suae
260 265 343 313 justitia
354 277 483 318 nequaquam
495 266 602 314 pendebat.

184 330 247 380 Resp.
267 329 378 367 Poeoitens
399 329 433 367 hic
458 326 482 364 ad
501 327 655 366 restitutionem
675 328 745 375 illius,
767 326 821 378 quod
839 326 880 378 ipsi
892 340 918 366 cx

107 393 185 445 judicis
198 392 301 430 sententia
313 391 481 435 conditionatim,
494 389 540 428 dato
553 389 636 428 scilicet
643 390 787 439 jurajuranda,
799 391 820 429 in
835 402 920 441 posses-

112 457 190 494 sionem
204 467 339 501 concessum,
357 462 377 492 et
393 452 517 492 adversario
530 451 668 501 abjudicatum
681 453 729 498 fuit,
747 453 862 492 monendus
876 460 920 500 est;

112 517 240 557 couscientia
251 517 316 566 ipsum
328 517 418 567 obligat,
432 514 511 563 judicis
524 514 649 551 sententiam
661 514 720 562 sequi
732 520 753 550 01
766 515 801 562 jus
814 515 921 565 amplecti,

113 579 176 616 sicuti
189 578 258 616 abillo
271 579 335 616 fuerit
347 578 461 615 decretum.
473 576 506 612 Ex
514 574 593 623 judicis
605 574 718 619 sententia,
730 587 856 626 nequaquam
868 589 920 615 vero

112 640 230 690 exprivata
244 640 371 691 litigantium
389 636 527 686 persuasione
534 651 540 681 ;
558 636 592 686 qui
611 648 714 685 uunquam
729 648 768 672 000
781 636 816 685 jus
828 638 867 675 sibi
886 639 920 692 ad-

84 740 86 742 ,
112 702 243 740 scribendum
262 706 346 751 putant,
366 698 451 747 pendet,
470 698 517 747 quid
536 697 563 735 sit
574 697 669 745 justum,
688 703 708 735 et
720 696 797 745 cuijus
810 705 919 748 competat.

111 763 186 800 Partes
199 768 305 800 certantes
318 771 368 796 suae
375 759 508 809 persuasioni
516 758 611 806 judiciali
623 759 684 796 effato
694 758 813 796 contrariae
822 771 845 796 eo
854 759 920 797 miuus

111 829 209 873 poterunt
223 822 347 863 inhaerere,
363 819 457 867 quioniam
473 820 548 867 partim
560 818 675 867 philautia,
693 818 768 867 partim
780 819 847 856 uariis
860 819 922 857 animi

112 883 258 933 passionibus,
270 881 291 917 in
304 879 373 916 causis
388 879 487 929 litigiosis
499 886 610 928 utcumque
623 891 646 915 se
658 879 813 924 exserentibus,
828 880 922 929 opinione

112 944 195 981 facilius
208 939 317 978 excaecati
329 940 353 976 ad
366 951 476 976 erroneam
488 940 520 977 rei
533 939 699 987 dijudicationem
713 939 856 987 abripiuntur,
874 952 922 988 par-

112 1003 149 1039 tim
160 1000 289 1038 necessariis
303 998 328 1035 ad
339 999 380 1035 1110
393 998 500 1035 ferendum
515 998 617 1046 judicium
635 998 789 1049 cognitionibus
808 999 922 1037 destituun-

112 1068 154 1099 tur,
174 1058 253 1107 Quodsi
263 1057 330 1109 igitur
347 1057 457 1107 poenitens
476 1057 557 1108 eloquio
571 1057 650 1105 judicis
662 1057 805 1095 obsecundare
825 1064 922 1104 tenetur,

113 1134 151 1160 sua
170 1126 243 1170 sponte
255 1119 307 1165 fluit,
321 1118 373 1169 quod
386 1118 507 1158 adversario
521 1118 597 1157 dictam
609 1118 764 1158 restitutionem
780 1119 853 1158 debeat
861 1134 867 1166 3
880 1125 922 1159 ete·

112 1183 154 1222 nim
167 1181 271 1221 sententia
282 1181 349 1232 posito
361 1180 381 1219 iu
401 1192 451 1220 casu
468 1180 553 1232 proprie
569 1180 670 1219 adversus
685 1181 743 1219 illum
755 1181 807 1219 etin
819 1180 880 1232 hujus
892 1182 922 1220 fa·

112 1260 185 1286 001001
204 1246 259 1284 edita
270 1245 359 1291 fuisset,
372 1244 419 1296 quia
430 1244 513 1284 nonnisi
527 1245 586 1283 laesa
597 1244 687 1284 veritate
707 1244 819 1284 conditioni
837 1244 921 1285 satisfa-

101 1323 173 1356 cere,
187 1315 207 1347 et
214 1307 361 1358 jusjurandum
372 1307 506 1358 interponere
517 1308 590 1358 potuit.

187 1368 208 1410 2.
223 1371 317 1421 Sponsus
337 1371 470 1419 suspicatur,
485 1382 582 1420 sponsam
601 1382 660 1411 suam
678 1370 739 1408 iidem
750 1370 844 1416 violare,
861 1376 922 1420 atque

114 1446 160 1472 cum
171 1433 216 1471 viro
230 1432 268 1470 alio
282 1438 328 1469 0010
340 1431 381 1480 ipsi
389 1432 433 1480 jam
445 1437 493 1470 uoto
506 1438 620 1470 conventus
634 1432 775 1470 clandestinos
792 1433 921 1470 continuare.

113 1494 223 1544 Zelotypia
235 1500 295 1532 actus
306 1493 405 1542 postulat,
418 1499 440 1530 ut
447 1493 585 1542 jurejurando
598 1499 696 1538 testetur,
710 1493 761 1543 qnod
775 1493 816 1530 fida
827 1506 922 1543 perman-

113 1556 179 1602 serit,
197 1555 281 1594 exhibet
291 1554 406 1603 juramenti
417 1554 527 1593 formulam
546 1554 676 1593 recitandam
683 1547 693 1600 ,'
708 1554 811 1604 dicitque,
824 1567 887 1594 secus
899 1567 922 1593 se

113 1618 137 1655 de
149 1617 236 1667 perfidia
253 1617 309 1653 illius
322 1615 439 1654 convictum
456 1616 514 1654 illico
532 1616 664 1653 matrimonio
681 1628 728 1653 esse
746 1617 921 1655 renuntiaturum,

114 1678 196 1726 Sponsa
213 1683 259 1714 utut
275 1677 333 1713 salva
350 1677 441 1714 veritate
459 1683 570 1726 praestare
589 1676 628 1714 hoc
640 1689 680 1713 non
691 1683 777 1726 posset,
793 1677 838 1726 ipso
854 1684 923 1715 tamen

113 1739 203 1775 instante
216 1744 237 1774 01
251 1737 325 1774 timore
338 1736 448 1774 dedecoris
461 1738 584 1787 sequuturi,
603 1737 736 1788 conjugiique
750 1737 808 1774 utilis
826 1738 924 1776 irritandi

113 1799 209 1847 impulsa,
221 1798 241 1834 in
254 1797 346 1845 ejusdem
358 1798 424 1834 verba
432 1798 491 1845 jurat
502 1798 631 1846 pejeratqne.
644 1797 693 1835 Jam
706 1809 776 1835 coram
792 1798 922 1836 confessario

114 1871 136 1896 se
148 1859 193 1895 ideo
207 1864 294 1895 accusat
306 1857 465 1906 quaeriturque:
480 1854 504 1904 l]
516 1860 547 1894 An
560 1870 599 1894 000
608 1858 710 1906 pejeratio
719 1858 740 1894 vi
751 1858 809 1895 illata
817 1864 837 1894 et
849 1860 923 1896 timore

113 1920 198 1955 incusso
212 1917 280 1966 possit
296 1918 411 1954 excusari?
430 1914 456 1964 2)
474 1919 557 1954 Annon
577 1924 674 1954 teneatur
691 1918 741 1954 illud
755 1921 875 1955 revocare?
897 1916 922 1965 3]

114 1979 166 2029 Quid
178 1979 217 2017 sibi
235 1978 291 2017 foret
303 1978 417 2031 agendum,
435 1979 454 2017 si
468 1991 557 2029 sponsus
570 1984 605 2017 aut
616 1979 700 2017 futuros
712 1978 801 2017 maritos
814 1979 877 2018 simili
888 1980 922 2018 ob·

114 2042 192 2082 tinente
206 2052 266 2087 casu,
279 2040 383 2092 zelotypia
394 2046 478 2088 tactum,
490 2042 532 2079 tale
540 2041 687 2092 jusjurandum
702 2042 815 2094 exigeret?

186 2105 249 2156 Resp.
262 2104 355 2143 Primam
364 2105 507 2155 quaestionem
520 2105 572 2156 quod
585 2105 671 2152 attinet,
684 2117 722 2144 nec
730 2104 869 2155 injustissima
879 2106 922 2145 010-

114 2169 178 2208 lentia
190 2168 264 2213 efficit,
281 2174 305 2206 ut
321 2168 374 2206 actio
386 2169 480 2214 interna,
493 2169 588 2207 absolute
602 2169 667 2214 mala,
685 2169 751 2219 qualis
764 2175 796 2207 est
814 2169 923 2219 pejeratio,

114 2231 172 2270 licita
183 2231 289 2268 reddatur.
308 2230 381 2280 Itaque
392 2231 501 2281 poenitens
514 2231 592 2268 obvim
610 2231 698 2281 aliquam
712 2231 792 2268 illatam
803 2232 923 2282 neutiquam

115 2307 126 2331 a
138 2298 224 2342 peccato
239 2292 336 2329 immunis
349 2292 453 2330 censenda
465 2298 507 2338 est:
520 2292 552 2329 vis
564 2293 646 2330 nonnisi
658 2299 755 2342 tauquam
766 2293 867 2344 mitigans
883 2294 923 2331 cir·

115 2353 251 2399 cumstautia‚
269 2365 321 2403 quae
335 2354 415 2403 culpam
428 2354 558 2403 aliquatenus
575 2354 687 2400 imminuit,
705 2353 837 2392 considerari
847 2361 923 2404 potest.

114 2417 158 2454 Nec
170 2422 249 2459 tamen,
267 2421 290 2452 ut
302 2414 327 2452 ad
339 2415 451 2453 secundam
463 2413 638 2465 respondeamus,
653 2415 803 2464 pejerationem
821 2429 924 2454 revocare

114 2483 204 2514 tenetur.
216 2476 299 2513 Etenim
312 2476 421 2514 mendacia
435 2484 483 2514 tuuc
496 2476 623 2514 solummodo
635 2477 778 2514 restitutionis
790 2477 882 2515 officium
893 2478 924 2515 in-

113 2538 209 2582 volvunt,
222 2536 257 2574 ubi
268 2536 354 2585 decepto
363 2536 399 2584 jus
412 2538 509 2575 00000011
521 2549 532 2574 0
544 2536 656 2585 deceptore
668 2549 719 2574 vcra
732 2537 839 2583 audiendi3
851 2544 924 2576 nostro

63 2616 66 2622 ·
115 2605 183 2635 autem
195 2598 216 2635 in
229 2609 279 2635 casu
291 2596 316 2633 ad
326 2594 427 2646 vsponsum
440 2598 521 2648 quidem
532 2598 624 2647 pertinet
636 2610 648 2635 a
660 2610 737 2648 sponsa
749 2598 797 2635 fidei
812 2610 924 2636 conscrva-

113 2659 191 2695 tiouem
204 2659 300 2708 exigere,
318 2658 438 2707 neutiquam
455 2665 524 2695 tamen
533 2658 582 2706 jure
595 2659 673 2708 gaudet
691 2659 819 2707 postulandi,
839 2659 925 2697 uthacc

114 2716 153 2752 fide
166 2716 238 2755 forsan
245 2717 322 2754 violata
333 2717 380 2765 ipsa
388 2718 497 2756 dedecoris
510 2719 543 2755 sui
555 2718 708 2755 confessionem
717 2719 825 2763 exhiheat3
837 2720 925 2768 perfidia

88 2809 90 2815 s
115 2775 212 2823 admissa,
225 2790 264 2816 000
276 2789 327 2815 0010
340 2777 415 2822 001010,
427 2778 524 2828 iujuriam
537 2779 556 2816 ei
567 2779 674 2816 intulerat.
689 2778 771 2816 idcirco
780 2779 923 2817 confessarius
968 2771 974 2785 ’

115 2849 160 2874 cam
174 2847 270 2885 moneat,
287 2852 312 2877 ne
331 2851 429 2888 sponsum
440 2846 514 2890 postea
526 2840 597 2886 fallat,
616 2840 696 2879 ethinc
709 2841 858 2879 connexionem
877 2853 923 2879 cum

115 2897 180 2940 amieo
191 2901 258 2950 priori
269 2903 336 2949 tollat,
352 2900 385 2940 001
397 2900 447 2941 siin
458 2902 522 2943 istum
534 2903 588 2942 nullo
600 2902 660 2955 plane
672 2902 754 2943 feratur
768 2904 854 2954 affeetu,
874 2915 922 2947 con·
