2056 3193
149 72 178 116 56

151 188 176 226 ad
188 200 259 227 curam
278 188 390 226 animarum
409 183 606 233 approbarer-imus,
625 182 665 219 nisi
678 183 776 222 addamus
795 182 906 234 specialem
917 193 951 219 re-

151 249 290 294 strictionem,
308 245 369 283 simul
380 244 511 295 spirituale-m
522 244 564 281 fori
574 242 651 280 interni
659 243 826 291 jurisdictionem
838 242 952 282 concedere

153 311 178 348 ad
190 310 331 349 confessiones
343 305 364 342 in
377 312 422 343 tota
432 305 532 343 Dioccesi
543 302 610 340 valide
622 303 741 350 audiendas,
753 318 793 343 non
805 311 873 343 autem
884 303 952 348 licite,

153 377 261 418 antequam
273 377 389 404 consensus
402 366 499 403 Curionis
511 363 552 401 loci
564 363 686 400 accesserit.
705 366 783 402 Eodem
795 376 882 413 prorsus
893 362 952 399 rnodo

153 435 174 467 et
184 439 223 465 non
235 425 295 464 aliter
306 426 410 463 Parocbis
422 432 442 461 et
456 423 539 461 Curatis
547 421 729 468 jurisdictionem,
746 436 806 472 quam
817 425 838 462 in
850 434 898 461 suas
911 422 953 459 ovi-

153 489 209 526 culas
220 485 297 523 habent
309 486 424 536 propriam,
443 484 468 521 ad
479 482 599 520 universam
611 494 690 532 qnoque
708 483 821 522 Dioecesin
840 482 954 534 delegando

152 546 303 585 extendimus.''
321 549 354 585 Ex
366 546 437 596 qrribus
449 550 515 593 patet,
534 543 589 588 illos,
601 543 635 592 qui
647 544 671 581 ab
684 543 780 593 episcopo
792 545 817 582 ad
829 557 900 583 curant
912 544 954 581 ani·

153 620 235 646 marum
247 615 296 647 sunt
308 606 422 659 approbati,
433 604 454 643 in
463 603 612 643 totaDioecesi
623 604 767 643 confessiones
775 607 842 645 valide
851 605 955 657 excipere,

152 670 200 722 quin
212 670 307 722 ipsorum
316 668 433 721 jurisdictio
445 679 483 718 per
493 666 601 706 Parochos
614 667 718 721 restringi
728 669 806 720 possit,
821 677 845 708 ut
855 676 924 708 tamen
935 669 955 707 id

151 734 220 786 ipsum
232 734 289 774 licite
301 733 346 780 fiat,
359 743 483 772 consensum
496 730 593 769 Curionis
604 730 645 769 loci
656 731 742 781 requiri.
759 733 826 782 Atque
838 732 890 772 haec
903 744 956 771 com-

153 796 222 835 munis
234 796 342 834 hodiedum
354 794 432 833 obtinet
439 792 518 844 praxis.

231 855 257 905 3)
269 856 391 895 Jurisdictio
411 854 473 893 etiam
487 854 569 892 ratione
585 855 740 893 consuetudinis
756 855 882 906 acquiritur,
898 868 958 907 quam

155 928 176 959 et
188 920 245 958 novit
257 925 277 956 et
288 917 386 956 toleravit
396 916 521 967 Episcopus
533 927 579 954 curn
591 916 672 969 finitimi
682 923 779 966 pastores
799 917 894 955 diversae
909 917 959 955 licet

156 981 258 1020 dioecesis
270 979 346 1017 mutuis
359 990 406 1016 sese
418 978 473 1015 ultro
487 977 581 1026 citroque
589 976 664 1025 juvant
676 977 782 1016 subsidiis.
794 979 811 1016 lc
824 985 898 1016 contra
908 990 959 1016 vero

156 1041 298 1082 confessarius
318 1051 358 1077 non
372 1039 435 1076 babet
449 1038 534 1077 taciturn
553 1037 688 1087 Superioris,
709 1039 809 1088 Episcopi
826 1040 860 1077 vel
878 1039 959 1077 Vicarii

157 1114 288 1147 consensum,
301 1107 401 1150 quatenus
412 1098 446 1137 hic
457 1100 549 1150 ignorat,
562 1098 608 1148 quid
620 1098 663 1144 fiat,
675 1099 725 1137 licet
736 1100 834 1138 credendi
845 1101 913 1138 locum
923 1100 959 1139 ba-

155 1165 210 1208 beat,
223 1163 320 1207 futurum,
332 1168 355 1199 ut
366 1162 385 1199 si
396 1160 430 1198 ille
443 1160 521 1198 certior
533 1159 605 1205 fieret,
624 1160 745 1198 facultatem
763 1162 784 1198 in
799 1161 900 1209 ejusmodi
919 1162 958 1200 cir·

157 1223 287 1264 cumstentiis
306 1222 436 1260 concederet.
457 1222 502 1258 Non
525 1220 578 1257 enim
597 1221 652 1258 valet
670 1232 785 1260 consensus
803 1224 959 1274 praesurntivus

157 1291 192 1323 aut
203 1285 247 1321 sine
258 1283 332 1320 notitia
346 1281 473 1331 Superioris.

231 1340 257 1389 4)
268 1342 352 1379 Pariter
365 1340 473 1380 confertur
485 1339 591 1379 sacerdoti
603 1340 687 1378 cuilibet
698 1340 718 1378 in
727 1353 861 1390 quaecunque
872 1349 960 1391 peccata

153 1402 273 1453 jrrrisdictio
285 1402 366 1439 ratione
379 1400 463 1439 articuli
474 1401 548 1439 mortis
559 1399 692 1450 poenitentis.
704 1401 737 1438 De
749 1413 788 1451 quo
799 1401 861 1440 infra.

232 1459 259 1512 5)
270 1463 365 1513 Denique
378 1462 499 1502 conceditur
511 1461 632 1512 quandoque
639 1461 760 1510 jurisdictio
772 1476 804 1509 eo,
823 1463 875 1513 quod
886 1465 960 1503 Eccle-

157 1527 189 1565 sia
197 1525 365 1576 jurisdictionem
375 1524 396 1562 in
409 1522 539 1562 confessario
559 1522 690 1562 deficientem
705 1522 743 1563 sub
759 1524 823 1564 certis
840 1526 960 1566 conditioni-

157 1590 196 1630 bus
211 1588 310 1639 suppleat.
335 1587 389 1627 Sunt
405 1598 455 1625 vcro
472 1586 600 1626 conditiones
618 1585 667 1625 bae:
689 1589 748 1636 a]ut
763 1588 817 1627 adsit
831 1588 852 1628 in
868 1602 905 1637 co,
928 1591 962 1641 qui

155 1651 321 1703 jurisdictionem
333 1656 426 1696 exercet,
439 1648 516 1689 titulus
527 1648 651 1696 coloratur,
663 1650 683 1688 it
696 1657 735 1696 est,
748 1651 781 1701 qui
792 1652 838 1689 veri
850 1652 904 1691 tituli
916 1666 961 1704 spe-

160 1715 212 1753 ciem
223 1713 295 1758 babet,
312 1725 331 1750 v.
345 1726 365 1764 g.
379 1713 397 1750 si
415 1712 521 1750 sacerdoti
539 1711 630 1750 officium
641 1712 675 1749 vel
693 1712 829 1759 beneficium,
849 1715 883 1753 cui
896 1715 962 1764 juris·

160 1775 221 1814 dictio
234 1775 314 1814 adnexa
326 1781 366 1821 est,
378 1779 465 1812 externe
478 1774 574 1813 collatum
586 1773 620 1818 sit,
639 1773 691 1812 llaec
704 1780 772 1812 tamen
790 1776 871 1814 collatio
888 1777 912 1815 ob
929 1789 962 1816 oc·

161 1838 237 1876 cultum
248 1836 327 1883 vitium,
339 1842 397 1887 puta,
411 1836 435 1874 ob
448 1836 551 1874 occultam
563 1835 681 1881 simoniam,
696 1828 786 1874 invalida
798 1837 837 1883 sit,
852 1838 885 1875 vel
897 1839 916 1876 si
931 1851 963 1877 sa-

161 1898 234 1937 cerdos
242 1897 410 1946 jurisdictionem
418 1904 479 1936 antea
490 1897 594 1942 habuerit,
605 1895 657 1935 llaec
665 1909 715 1935 vero
724 1898 805 1936 occulte
813 1899 954 1948 exspiraverit
958 1916 964 1946 ;

160 1961 185 2007 b)
197 1966 219 1997 ut
230 1971 295 1997 error
303 1954 444 2008 [inculpatus]
457 1959 485 1996 sit
496 1961 624 2004 coronemur,
636 1958 656 1995 id
668 1965 701 1996 est
712 1958 767 2004 talis,
780 1971 818 2009 qno
827 1960 871 2010 quis
883 1961 964 2006 inloco,

161 2033 200 2071 quo
213 2020 355 2058 confessiones
373 2020 436 2064 audit,
456 2019 625 2067 jurisdictionem
643 2019 769 2058 ordinariam
791 2027 826 2058 aut
848 2021 965 2073 delegatam

160 2081 238 2119 habere
254 2083 407 2130 corttctztmiter,
425 2087 445 2117 et
454 2079 542 2130 publice
554 2080 666 2124 credatur,
680 2080 720 2118 etsi
731 2092 806 2129 reapse
818 2093 863 2119 earn
874 2095 914 2120 non
930 2083 965 2121 ba-

161 2142 209 2179 beat
218 2140 242 2187 ¹).
259 2141 298 2178 His
313 2141 388 2190 positis
402 2141 459 2177 valet
471 2140 575 2177 confessio
588 2140 608 2177 ei
620 2140 682 2184 facta,
695 2140 729 2190 qui
744 2141 768 2177 ob
783 2142 865 2179 titulum
885 2143 965 2181 colora-

162 2208 214 2244 tum,
234 2206 254 2237 et
266 2212 291 2237 ex
303 2201 405 2237 communi
417 2212 491 2237 errore
503 2200 608 2248 inculpato
627 2198 705 2236 habere
727 2200 820 2237 creditur
835 2201 965 2248 jurisdictio·

162 2272 219 2304 nem,
238 2272 298 2308 quam
316 2272 355 2297 non
373 2259 445 2304 habet;
466 2258 785 2308 quiaEcclesiaJurisdictionis
798 2260 902 2297 defectum
918 2274 965 2311 sup·

161 2320 204 2368 plet
216 2319 239 2356 ob
251 2319 326 2357 bonum
342 2331 460 2364 commune,
481 2325 501 2357 et
512 2319 538 2357 ad
549 2319 623 2357 damna
635 2317 803 2371 gravissinta2),
817 2332 868 2371 quae
877 2321 966 2362 exinva-

163 2380 243 2418 liditate
251 2387 332 2418 actuum
341 2382 442 2426 orientur,
458 2381 565 2426 evitanda,
581 2382 640 2418 modo
658 2394 698 2419 non
713 2381 782 2419 obstet
799 2382 967 2432 impedimentum

164 2442 259 2481 naturale
271 2443 441 2493 exportaturus,
459 2443 493 2495 qui
505 2443 636 2483 sacerdotem
648 2443 693 2496 agit
705 2443 863 2484 confessarium.
877 2446 903 2484 V.
915 2461 936 2500 g.
950 2449 968 2487 si

164 2505 255 2544 foemina
265 2506 298 2543 vel
309 2506 375 2546 laicus
388 2507 519 2546 sacerdotem
531 2518 554 2544 se
566 2513 641 2558 gerat,
658 2507 725 2545 nullae
739 2519 827 2557 prorsus
840 2515 902 2546 crunt
913 2510 967 2559 ejus-

165 2568 210 2605 dem
226 2567 374 2615 absolutiones,
394 2570 441 2620 quia
456 2569 553 2608 Ecclesia
571 2569 674 2608 defectum
686 2568 740 2608 lrunc
752 2570 850 2620 supplere
861 2571 932 2623 nequit
941 2571 967 2620 3).

242 2628 340 2667 Ceterum
359 2631 447 2669 dubitari
465 2632 545 2682 nequit,
561 2631 657 2682 graviter
672 2643 762 2680 peccare
777 2631 838 2675 illos,
853 2632 888 2682 qui
901 2633 967 2682 juris-

189 2775 204 2814 1)
215 2772 255 2806 Gfr.
267 2771 359 2814 Theolog.
369 2782 417 2807 mor.
427 2775 447 2809 S.
457 2775 513 2820 Alph.
523 2775 547 2808 de
555 2775 597 2819 Lig.
612 2775 655 2809 libr.
665 2776 697 2809 Vl.
707 2785 725 2810 n.
739 2776 781 2810 572.
794 2793 818 2798 -
827 2776 843 2816 2)
854 2775 893 2810 Clu.
905 2779 968 2812 Theo-

212 2822 251 2865 log.
261 2821 337 2854 Pictav.
351 2821 415 2855 Tract.
425 2824 448 2857 de
457 2825 527 2866 poenit,
539 2843 564 2847 —
575 2828 591 2866 3)
602 2824 641 2858 Gir.
656 2825 813 2859 dissertationem
829 2833 889 2867 supra
901 2827 968 2861 landa·

212 2875 261 2905 tarn:
272 2869 335 2911 Ueber
344 2870 688 2915 JurlsdictionundApprobationvcn
697 2875 752 2907 Prot.
762 2874 797 2906 Dr.
805 2873 869 2907 Boncr
877 2875 893 2909 in
904 2876 968 2911 Tricr.
