2017 3193
848 104 890 151 itt

84 219 175 270 fuerint,
188 217 327 262 abstinuerint
339 236 350 263 a
361 220 419 264 lucro
432 219 527 270 notabili,
545 237 610 278 grave
623 222 763 266 sustinuerint
778 223 890 264 incommo-

83 287 140 333 dum,
158 292 194 324 aut
205 299 303 337 magnum
316 290 434 326 conflictum
446 286 549 324 internum
561 289 593 325 001
607 296 716 327 externum
729 289 878 336 superaverint
885 303 891 331 ;

83 348 101 382 si
113 347 193 388 dicant,
206 357 229 380 se
241 347 324 394 saepius
336 347 487 395 proposuisse,
499 345 538 380 hoc
550 348 583 380 vel
594 347 645 382 illud
656 354 764 393 peccatum
777 347 857 389 vitare,
870 352 892 381 01

82 404 167 449 dolere,
185 405 236 454 quod
249 416 287 442 000
306 407 386 456 possint
399 408 433 454 [ut
451 403 490 454 ipsi
503 403 626 454 loquuntur]
639 405 759 455 abstinere;
775 406 793 446 si
809 406 890 452 dicant,

612 455 615 467 l

83 480 106 507 se
128 466 152 507 ad
172 467 322 509 confessionem
339 469 449 510 exaudita
466 466 565 507 correione
585 467 620 507 001
641 469 722 519 privata
745 471 889 510 adhortatione

83 530 148 568 fuisse
160 539 265 578 permotos
277 540 316 570 010.
330 541 370 570 etc.
384 531 428 578 Quo
440 532 500 578 plura
513 530 613 576 ejusmodi
625 530 702 567 indicia
714 534 851 575 0000001001,
865 545 889 568 eo

83 589 148 635 major
160 589 211 626 fides
223 591 377 626 asseverationi
388 589 515 638 poenitentis
527 588 621 624 habenda
633 594 672 623 est.

82 669 148 706 Fateri
158 675 244 719 oportet,
255 677 292 709 tam
303 673 344 709 fieri
354 683 421 720 posse,
432 676 454 708 nt
462 672 536 708 aninms
546 672 671 708 veliementer
681 671 745 708 doleat
754 672 811 708 siccis
821 673 889 718 oculis,

108 733 163 767 quam
175 730 197 759 ut
208 726 298 768 lacrymis
308 725 424 760 meretriciis
434 724 519 768 fletuque
533 726 621 758 madeant
634 724 684 757 00011
695 724 768 767 absque
781 724 819 757 ulla
834 725 889 758 animi

107 775 218 806 mutatione.
231 776 279 807 Hinc
292 776 382 806 lacrimas
396 776 494 808 sinceras.
511 774 578 813 quales
588 773 660 810 David,
681 774 764 809 Petrus,
776 773 891 813 uraguaieua

106 820 175 861 aliique
185 822 246 852 sancti
255 822 376 861 poenitentes
389 819 501 857 fundebant,
518 819 540 849 ab
551 820 664 850 adulterinis
680 816 792 850 discernere
806 821 890 861 oportet,

108 867 221 911 minimeque
235 868 335 901 1011100100
346 872 382 910 est,
401 867 523 900 lacrimarum
534 865 648 900 effusionem
658 876 668 900 e
678 869 831 908 momentorum,
842 875 891 912 quae

106 919 253 954 conversionem
271 919 335 954 cordis
347 919 453 962 indigitant,
461 928 541 953 nurnero
550 928 667 964 expungere,
681 923 785 964 propterea
801 918 844 963 qnia
854 919 891 952 bae

106 969 162 1002 etiam
173 969 237 1010 alium,
247 979 303 1012 quarn
312 970 354 1002 veri
364 969 436 1002 doloris
446 969 517 1002 fontem
526 968 598 1002 habere
609 974 697 1011 possunt.

193 1073 266 1142 Signa
280 1072 390 1125 deiectum
405 1088 472 1125 00000
486 1073 629 1125 contritionis
645 1073 777 1126 indicantia.

156 1202 174 1255 ξ.
188 1200 237 1242 122
250 1206 267 1241 Ε
280 1204 385 1241 contrario
397 1203 538 1252 poenitentes,
552 1204 585 1253 qui
598 1204 722 1242 confitentur
735 1204 825 1249 delicta,
838 1210 889 1241 tam·

83 1264 123 1299 etsi
133 1276 185 1300 uoce
198 1264 251 1300 aliud
264 1264 404 1307 adtestantur,
422 1276 472 1299 vera
485 1265 610 1300 contritione
623 1264 716 1300 destituti
725 1264 859 1308 judicentur:

156 1324 180 1368 a)
192 1322 243 1358 11001
256 1321 583 1370 0000010100100100000100011
596 1322 641 1358 sine
654 1321 740 1371 quadam
755 1320 890 1371 impudentia,

82 1382 142 1436 quasi
152 1382 263 1436 praeclare
276 1382 356 1437 aliquod
368 1382 446 1425 1001001
458 1391 583 1432 narrarent,
601 1385 635 1424 001
648 1385 666 1425 01
680 1385 767 1426 alterius
779 1384 842 1425 vitam
856 1384 890 1424 de-

82 1448 212 1493 scriberent,
227 1449 261 1485 001
273 1450 347 1485 saltem
360 1461 384 1486 ac
396 1449 413 1485 si
426 1449 483 1486 10010
495 1449 595 1498 quaedam
608 1449 724 1487 0001010010
743 1455 763 1485 01
778 1448 891 1497 adiaphora

82 1509 210 1552 recitarent,
229 1509 297 1557 magis
310 1510 334 1545 ad
347 1509 468 1544 memoriam
480 1509 644 1558 exonerandam,
664 1521 724 1556 quam
740 1509 764 1544 ad
781 1509 890 1544 sublevan-

82 1566 128 1600 dam
141 1566 297 1602 conscientiam.

156 1626 180 1678 b]
193 1626 244 1667 Cum
256 1626 299 1667 vita
311 1639 348 1668 000
360 1626 476 1668 confitendo
490 1627 571 1681 culpam
582 1627 602 1668 ia
612 1628 672 1670 alium
683 1627 801 1677 devolvunt,
813 1635 844 1676 et,
856 1628 892 1669 ubi

83 1705 105 1730 se
118 1705 220 1731 accusare
233 1693 321 1736 debent,
333 1693 445 1731 identidem
458 1706 560 1731 excusare
573 1695 668 1738 student,
681 1694 818 1743 terminisque
830 1700 890 1730 utun-

82 1759 117 1790 tur
129 1766 140 1790 0
152 1753 246 1791 versutia
262 1760 283 1790 et
301 1753 464 1791 dissimulatione
480 1754 533 1791 haud
549 1755 623 1792 alienis
639 1755 664 1792 ad
675 1761 763 1802 0000010
781 1753 891 1791 minuenda

83 1819 104 1847 01
116 1813 263 1848 obumbranda.

157 1870 244 1920 0)(1001
263 1870 287 1908 de
304 1870 408 1910 industria
421 1872 499 1910 crimen
515 1872 596 1925 aliquod
610 1873 690 1921 celant,
710 1872 763 1926 quod
782 1872 827 1913 0010
843 1883 891 1912 con·

83 1935 168 1975 fossarii
185 1936 335 1989 investigantis
354 1951 405 1976 cura
417 1937 520 1977 defectum
532 1938 632 1977 fatentur.
650 1939 759 1984 Dicimus,
778 1938 805 1977 ile
822 1938 891 1977 111010-

83 2001 147 2043 strio,
160 2000 207 2048 quia
219 2000 279 2047 culpa
290 2006 379 2044 vacant,
392 2001 409 2036 si
422 2000 481 2047 cujus
493 2001 589 2036 mortalis
602 2001 674 2048 culpae
690 2000 844 2037 confessionem
856 2011 891 2036 ne-

83 2059 191 2108 gaverint,
209 2066 268 2106 puta,
287 2060 311 2095 ob
323 2060 461 2102 oblivionem,
476 2061 628 2107 ignorantium,
648 2061 768 2096 attentionis
781 2060 891 2095 defectum.

82 2116 204 2152 Pervicacis
223 2122 292 2153 autem
304 2117 366 2153 animi
378 2117 460 2167 signum
474 2123 519 2162 est,
538 2128 584 2155 cum
596 2116 702 2155 1010100010
720 2117 826 2168 denegant
843 2128 891 2154 con-

83 2176 195 2219 fessionem
207 2177 302 2232 plenam,
321 2177 365 2220 sive
387 2180 495 2232 expressis
511 2180 593 2228 verbis,
610 2180 654 2221 sive
677 2180 781 2222 obstinato
801 2180 891 2221 silentio.

84 2243 121 2282 sic
132 2257 151 2282 0.
164 2257 185 2296 g,
198 2244 216 2281 si
228 2244 273 2294 quis
285 2244 372 2282 rotunde
385 2244 453 2289 dicat,
466 2257 489 2281 se
501 2252 589 2293 peccata
600 2258 638 2282 sua
650 2246 773 2295 singillatim
786 2257 891 2294 exponere

83 2304 150 2347 nolle,
168 2311 212 2341 010
225 2305 354 2341 confessario
367 2304 391 2340 ad
404 2305 444 2340 alia
456 2315 519 2340 seusa
531 2305 603 2340 reduci
619 2311 718 2352 nequeat,
734 2310 769 2340 aut
789 2305 813 2340 ad
829 2316 891 2351 quae-

83 2364 171 2398 stionem
184 2363 326 2398 necessariam
339 2362 441 2397 obstinate
458 2363 527 2403 sileat,
543 2362 590 2410 quin
609 2362 692 2398 monitis
705 2361 831 2398 confessarii
849 2374 892 2399 010-

83 2422 128 2461 0011
140 2434 162 2462 00
174 2422 273 2476 patiatur.

157 2489 180 2537 d]
193 2489 244 2528 Cum
256 2489 333 2528 nullum
345 2488 422 2527 habent
433 2488 559 2526 desiderium
571 2489 716 2527 satisfaciendi
734 2490 781 2526 Deo
792 2502 830 2538 pro
844 2502 892 2539 pec·

83 2550 204 2594 actissuis,
222 2550 384 2599 quandoquidem
396 2550 524 2598 poenitentia
535 2550 603 2586 virtus
616 2557 663 2598 est,
680 2562 731 2598 quae
745 2563 782 2586 nos
802 2551 826 2586 ad
844 2562 892 2598 poe-

83 2617 120 2641 nas
136 2620 161 2643 ex
176 2609 234 2645 nohis
249 2610 375 2656 repetendas
389 2616 475 2654 propter
486 2609 586 2653 injurias,
602 2609 676 2656 quibus
693 2609 801 2643 effecimus
813 2609 892 2649 Deum,

82 2662 175 2705 inclinat.

157 2734 179 2780 e)
193 2733 245 2773 (1001
257 2740 368 2786 acceptare
384 2735 456 2774 nolunt
472 2733 551 2780 010110,
570 2747 623 2785 quae
635 2735 761 2774 necessaria
772 2741 834 2780 0001,
846 2740 891 2772 010

82 2793 175 2840 peccatis
188 2803 304 2846 emergant.
323 2796 389 2843 Quum
402 2803 471 2833 autem
483 2797 638 2833 recusationem
651 2796 831 2845 exsequendorum
844 2807 890 2842 ope·

83 2863 128 2886 rum
140 2851 331 2891 satisfactoriorum
349 2862 370 2890 et
384 2856 498 2891 mediorum
514 2855 598 2902 signum
615 2856 677 2889 animi
692 2866 744 2889 vera
766 2853 890 2889 contritione

83 2908 225 2952 declaramus,
241 2912 375 2963 supponimus
388 2913 454 2961 ultro,
472 2911 524 2966 quod
540 2919 582 2952 1001
594 2913 661 2952 media
674 2926 735 2968 quam
747 2924 810 2965 opera
829 2909 891 2951 00110-

715 2975 743 3017 12
