2017 3193
871 91 899 134 81

155 201 176 244 4.
189 206 252 243 Iidem
271 204 395 243 confessarii
407 205 488 256 possint
501 210 552 243 eota
564 218 698 257 quaecunque
716 206 778 243 etiam
787 206 859 254 jurata
880 213 900 243 et

96 268 146 305 sedi
157 267 290 317 Apostolicae
306 275 415 305 reservata
430 267 450 303 in
467 266 507 302 alia
523 267 555 314 pia
573 279 636 316 opera
651 268 790 318 dispensando
811 280 900 306 commu-

96 335 147 366 tare.
168 327 321 378 Eoectptnntnr
346 335 413 366 autem
433 333 480 363 vota
501 327 604 363 castitatis
626 336 737 377 perpetuae
757 336 777 366 et
796 329 900 380 integrae,

95 390 219 441 Religionis,
232 396 253 426 et
265 389 405 441 obligationis,
418 401 469 438 queie
483 401 493 424 a
507 388 568 424 tertio
583 394 668 436 accepta
681 389 754 435 fuerit,
771 404 807 428 seu
824 390 844 427 in
858 391 900 439 qui-

95 452 132 488 bus
149 457 225 502 agatur
237 452 261 488 de
273 451 398 500 praejudicio
415 449 472 486 tertii
480 464 485 493 ς
502 461 539 487 uec
552 461 591 485 non
603 454 651 485 vota
663 452 762 498 poenalia,
775 466 826 502 quae
840 464 900 502 prae-

95 513 202 550 servativa
214 526 225 549 a
238 513 328 561 pcccatis
341 517 493 560 nuncupantur,
506 510 546 547 nisi
562 510 695 548 commutatio
712 511 781 550 futura
792 514 901 561 judicetur

96 574 206 622 ejusmodi,
232 581 253 611 ut
270 587 309 611 nou
326 574 392 611 minus
412 586 422 608 a
445 578 530 620 peccato
548 571 823 619 committendorefraenet,
840 587 900 625 quam

95 635 152 684 prior
164 635 206 672 vm
219 636 311 674 errateria

168 702 188 734 ).
201 696 227 734 Ut
238 695 386 746 indulgentiam
405 695 484 731 lucrari
500 696 560 732 etiam
577 695 657 744 possint
675 695 778 733 Moniales
795 709 832 733 seu
849 697 899 734 aliae

95 771 196 808 personae
208 759 227 795 in
241 756 340 796 claustris
352 761 451 804 perpetuo
464 757 574 807 degentes,
588 768 625 792 nec
638 768 677 793 non
690 757 806 807 quicunque
821 758 841 794 iu
854 769 899 794 car-

96 832 144 857 cere
157 820 261 857 exsistunt
272 818 305 855 vel
319 817 413 866 corporis
427 817 547 855 infirmitate
565 824 599 855 aut
615 816 654 854 alio
668 819 740 867 quovis
756 819 901 867 impedimento

96 881 238 931 prohibentur,
254 879 372 929 quominus
386 879 453 927 aliqua
469 891 494 916 ex
512 878 651 927 praescriptis
674 880 771 927 operibus
797 893 902 931 peragere

97 944 186 987 valeant,
206 940 343 979 confessariis
359 940 449 978 facultas
465 940 577 984 tribuitur,
597 945 619 976 ut
636 940 707 978 eadem
725 941 743 977 in
764 942 802 978 alia
818 942 902 990 pietatis

96 1017 159 1053 opera
172 1008 300 1040 connnutare
313 1001 377 1049 veliu
390 1001 443 1037 aliud
455 1001 571 1050 proximum
584 1008 664 1050 tempus
677 1014 794 1053 prorogare
814 1002 901 1052 possint,

96 1078 142 1103 cum
154 1064 254 1101 facultate
266 1063 328 1100 etiam
340 1061 471 1111 dispensandi
482 1075 544 1112 super
557 1062 704 1100 eonnnunione
719 1076 764 1101 cum
777 1065 855 1112 pueris,
869 1064 902 1113 qui

96 1126 184 1163 nondum
197 1125 221 1161 ad
234 1125 320 1174 primam
334 1123 503 1161 Communioncm
516 1124 594 1161 fuerint
606 1124 698 1161 admissi.

172 1183 192 1224 ii.
205 1187 227 1223 In
240 1186 333 1223 omnibus
345 1185 423 1221 Literis
436 1185 556 1232 encyclicis,
569 1185 643 1234 quibus
655 1186 775 1224 dubilaeum
788 1193 823 1224 aut
834 1186 901 1224 ludul-

96 1249 181 1300 gantiae
193 1247 299 1297 plenariae
322 1247 341 1283 in
362 1246 428 1282 forma
444 1246 535 1283 dubilaei
551 1246 679 1291 indicuntur,
699 1260 770 1285 omnes
787 1247 902 1285 Pontifices

97 1310 180 1347 minime
191 1308 299 1346 intendunt
311 1320 347 1356 per
360 1307 518 1344 concessionem
531 1308 652 1345 facultatum
665 1309 785 1347 absolvendi
797 1310 902 1358 poeniten-

97 1378 129 1408 tes
141 1377 187 1408 utut
195 1370 281 1419 amplam
290 1368 438 1406 Constitutioni
449 1369 558 1406 Benedicti
570 1369 625 1407 XIV.
639 1381 684 1406 eum
697 1370 797 1419 appositis
809 1370 902 1408 declara·

97 1432 194 1476 tionibus,
207 1443 259 1481 quae
270 1431 351 1479 incipit:
365 1431 539 1467 „Sacrmnentum
551 1430 707 1468 poenitentiae*
717 1431 828 1482 derogare.
842 1432 902 1469 Sum·

97 1506 142 1530 ums
153 1492 249 1529 Pontifex
262 1491 312 1528 Pius
325 1491 359 1528 IX.
372 1490 392 1527 iu
405 1490 506 1539 praefatis
518 1491 586 1528 literis
600 1491 679 1539 pariter
692 1493 750 1540 pleno
768 1493 841 1543 vigore
858 1505 903 1529 ser-

97 1554 142 1591 vari
154 1553 219 1590 voluit
231 1559 251 1589 et
263 1553 343 1601 quidem
357 1553 379 1597 a)
393 1552 457 1601 quoad
469 1551 621 1589 inhabilitatem
638 1553 756 1589 absolvendi
775 1554 903 1602 complicem,

97 1621 199 1664 quatenus
210 1613 338 1650 Benedictus
350 1612 406 1649 xlv.
419 1612 542 1656 declaravit,
555 1616 607 1662 quod
620 1625 657 1651 uec
671 1615 733 1651 ctiam
745 1613 764 1650 in
777 1615 816 1651 vim
834 1614 903 1662 eujus-

98 1688 177 1725 cunque
189 1674 281 1712 dubilaei
292 1673 359 1723 possit
371 1673 415 1722 quis
429 1686 487 1710 suum
508 1674 527 1710 in
542 1680 629 1723 peceato
650 1674 758 1711 inhonesto
782 1676 903 1724 complicem

98 1743 157 1774 extra
170 1736 243 1772 mortis
256 1735 366 1772 articulum
380 1746 466 1783 unquam
480 1735 600 1779 absolvere;
618 1741 687 1783 utpote
701 1736 734 1785 qui
750 1736 769 1772 in
786 1736 903 1784 hujusmodi

97 1797 178 1847 peccati
196 1803 215 1834 et
231 1795 371 1846 poenitentiae
391 1807 470 1845 genere
485 1796 633 1843 jurisdictione
653 1803 724 1834 careat
745 1803 765 1833 et
784 1796 904 1834 absolvendi

98 1859 197 1896 facultate
209 1857 302 1906 privatus
316 1856 414 1900 exsistat:
427 1862 448 1893 et
459 1856 482 1902 b)
496 1857 561 1905 quoad
574 1856 722 1907 obligationem
741 1858 903 1894 denuntiationis

98 1918 224 1957 confessarii
236 1916 367 1955 sollicitantis
380 1929 391 1953 a
403 1929 492 1965 persona
504 1918 616 1955 sollicitata
629 1918 742 1955 faciendae.
756 1920 794 1955 Ast
806 1930 903 1968 quaeres,

98 1993 122 2017 an
135 1979 206 2016 infelix
218 1978 326 2022 sacerdoS,
339 1977 372 2026 qui
385 1978 506 2027 complicem
518 1979 537 2015 in
551 1985 636 2027 peccato
649 1979 704 2027 turpi
717 1979 741 2016 ab
755 1980 826 2017 eodem
836 1979 903 2017 absol÷

98 2046 165 2084 verat,
178 2046 198 2077 et
208 2046 321 2088 propterea
333 2039 351 2074 in
365 2039 598 2077 excommunicationem
610 2040 679 2088 Papae
692 2047 822 2077 reservatam
833 2041 904 2077 incur·

99 2107 162 2145 rerat,
174 2101 193 2137 in
207 2100 338 2137 confessione
352 2099 375 2135 ad
389 2100 508 2137 lucramlam
516 2100 666 2151 indulgentium
675 2100 789 2147 jubilarent
797 2106 903 2149 suscepta,

99 2164 122 2200 ab
134 2160 175 2199 i'sta
187 2160 398 2198 rexeotnnnmieatioue
411 2167 504 2209 tempore
516 2161 607 2198 dubilaei
620 2173 656 2209 per
669 2162 821 2199 confessarium
834 2174 903 2211 quem·

98 2236 137 2273 que
156 2222 288 2272 approbatum
308 2221 385 2257 absolvi
402 2222 481 2269 possit?
494 2223 650 2270 Respondemus
664 2221 796 2266 affirmative,
809 2227 904 2271 spectato

99 2284 190 2332 eJusdcm
202 2283 275 2319 Bullae
289 2288 371 2325 tenore,
385 2294 423 2330 epuo
436 2283 496 2318 datur
509 2282 609 2332 intelligi,
622 2283 688 2330 ipsum
702 2295 751 2319 rere
764 2284 904 2330 poenitentem

98 2345 118 2381 in
131 2344 171 2381 vim
183 2342 274 2380 Jubilaei
287 2342 310 2378 ab
324 2342 557 2379 excommmuuicatione
566 2342 604 2379 hac
613 2342 693 2378 absolvi
702 2355 770 2390 posse,
784 2348 904 2380 renranente

100 2411 178 2442 tantmu
190 2403 252 2441 etiam
267 2409 359 2450 tempore
376 2402 476 2444 Jubilaei,
490 2402 554 2450 ipsius
570 2402 698 2439 mirabilitate
717 2403 740 2439 ad
757 2404 905 2441 absolvendum

99 2477 158 2503 suum
171 2463 297 2513 complicem.

176 2522 196 2563 T.
214 2527 244 2563 un
263 2524 308 2575 quis
329 2524 415 2561 durante
431 2525 529 2562 .lubilaeo
546 2524 687 2575 indulgentias
705 2526 810 2574 plenarias
823 2526 855 2562 bis
871 2531 905 2562 aut

100 2587 178 2635 pluries
190 2586 268 2625 lucrari
280 2586 360 2636 possit?
375 2587 399 2623 ut
411 2585 497 2636 quijam
509 2586 604 2624 lucratus
617 2592 649 2623 est
660 2586 789 2631 Jubilaeum,
809 2587 874 2624 (leuno
894 2599 906 2623 a

101 2650 223 2693 reservatis,
235 2649 255 2685 in
263 2660 314 2697 quae
322 2653 395 2696 postea
402 2647 485 2690 decidit,
494 2648 513 2683 vi
522 2647 642 2685 facultatum
652 2655 743 2696 tempore
752 2649 845 2685 .lubilaei
857 2660 905 2684 con-

101 2717 210 2747 cessarum
225 2708 304 2747 absolvi
326 2707 408 2744 valcat?
430 2708 558 2747 Benedictus
574 2708 630 2748 XIV.
653 2708 705 2746 bane
725 2709 867 2760 qtraestionem
885 2707 905 2744 in

99 2769 169 2806 Bulla:
183 2769 343 2810 „convocatis”
350 2765 403 2821 §.52
412 2770 497 2814 definiit,
506 2770 540 2807 ubi
547 2771 610 2809 haec:
623 2771 675 2819 „Qui
685 2771 723 2809 lroc
732 2784 784 2808 anno
793 2777 865 2809 sancto
874 2770 905 2806 bis

101 2834 136 2868 aut
146 2830 226 2880 pluries
241 2833 310 2872 omnia
325 2837 346 2872 et
360 2831 444 2882 singula
455 2831 548 2870 Jubilaci
566 2846 630 2884 opera
643 2863 718 2870 .....
737 2833 857 2876 iteraverit,
873 2830 904 2867 bis

101 2903 180 2943 quoque
196 2900 231 2931 aut
244 2896 322 2943 pluries
337 2893 413 2944 poterit
427 2892 467 2932 hoc
483 2894 530 2932 anui
542 2896 610 2948 saneti
624 2896 743 2934 Jubilaeum
762 2894 846 2934 lucrari.
862 2892 905 2929 Nos

745 2953 757 2995 6
