2056 3193
148 53 192 98 243

148 166 202 206 culis
215 167 279 206 corda
290 172 363 204 nostra
375 166 524 205 accenduntur.
536 187 566 193 --
579 165 642 204 Circa
652 166 748 213 modum,
767 178 806 217 quc
820 164 869 204 illae
886 167 956 216 poeni·

148 229 202 266 tenti
213 227 329 277 praescribi
341 226 437 272 debeant,
448 226 501 264 haec
513 227 636 265 observato:
653 225 724 263 Rudes
735 227 815 266 utiliter
830 226 923 273 docebis,
934 234 958 272 ut

149 288 251 338 ejusmodi
261 286 415 337 adspirationes
427 291 488 326 certo
501 280 538 336 (de
550 300 589 338 quo
602 287 764 334 admoneantur)
777 292 884 340 decepere,
898 286 955 339 loco,

147 352 208 398 eipso
221 348 312 386 eliciant.
330 348 367 387 sic
377 361 398 387 v,
411 362 432 400 g.
444 349 525 387 moneri
536 354 606 399 potest
617 347 726 397 poenitens
744 349 767 394 a]
786 353 888 399 respectu
905 351 956 387 tem·

144 411 215 461 poris.
238 409 305 448 Nocte
324 409 416 449 cubitum
434 421 587 454 concessurus,
609 408 666 462 dices
684 416 719 446 aut
735 408 849 460 cogitabis:
869 412 957 449 Lectum

147 476 201 509 nunc
214 470 278 508 subeo
290 470 399 521 ignorans,
412 483 437 508 an
450 470 543 508 crastina
555 476 692 507 surrecturus
705 469 774 507 sim...
791 467 846 516 Quot
860 477 957 520 peccato„-

147 543 184 568 res
195 531 270 570 incurii
278 531 347 569 subita
359 538 426 569 morte
439 531 536 580 oppressi
543 531 600 568 sunt!
613 530 635 567 Id
646 530 709 574 forte,
722 531 740 567 si
747 530 845 578 deinceps
856 542 958 579 peceave-

148 604 180 638 ro,
193 597 214 629 et
225 590 275 630 mihi
286 592 372 629 evenire
382 592 468 641 poterit.
489 591 577 629 ODeus
588 591 626 628 mi!
643 596 715 628 averte
732 590 772 629 hoc
789 591 866 628 malum
884 604 896 628 a
910 605 957 631 me:

148 664 188 689 non
200 653 291 702 peccabo
304 653 400 702 amplius,
412 652 451 690 hoc
462 652 553 689 firmiter
565 658 586 689 et
597 658 670 689 sancte
681 663 781 700 propono.
796 673 826 678 —-
839 652 901 689 Mane
914 654 956 690 evi·

148 712 225 764 gilans,
238 713 319 765 cogita:
331 715 394 751 Forte
405 713 458 752 haec
470 712 514 751 dies
526 713 599 750 ultima
610 712 667 749 vitae
678 724 750 757 meae,
768 718 803 749 aut
815 718 873 750 certe
886 712 910 751 ad
923 725 956 751 aa·

147 774 213 812 lutem
224 787 291 812 meam
304 775 416 812 curandam
429 787 440 812 a
451 774 505 812 bono
520 780 579 823 patre
591 773 645 810 data.
662 772 725 821 Quid,
740 784 808 824 egone
825 773 850 811 ad
866 785 956 824 peccan-

148 834 196 872 dum
208 847 232 872 ea
244 835 335 872 abutar?
346 835 414 879 Absit,
427 848 438 873 c
449 836 508 873 Deus
520 835 557 872 mii
568 833 790 884 Renovopropositum
796 845 871 879 meum,
884 835 956 872 adesto

147 894 197 933 milti
209 895 280 947 gratia
292 902 334 941 tua,
346 908 386 934 non
399 896 471 934 cedam
481 896 583 946 peccatis
595 895 655 932 malis
667 894 785 940 desideriis,
802 895 855 940 irae,
866 895 956 933 invidiae

148 962 189 994 eto.
202 956 275 994 Simile
288 956 335 1007 quid
348 957 410 996 etiam
423 957 447 995 ad
458 956 523 994 horae
534 956 615 1006 pulsum
629 955 699 993 autad
716 955 832 1006 Angelicae
848 955 956 994 salutatio·

147 1017 180 1054 nis
192 1017 276 1068 signum
288 1030 300 1055 a
310 1018 429 1067 poenitente
442 1017 493 1062 dici,
513 1017 547 1055 vel
559 1016 651 1067 cogitari
661 1022 737 1067 potest.
758 1016 783 1063 b)
800 1016 898 1068 Aspeclu
911 1016 957 1055 loci

147 1078 228 1116 moneri
236 1079 357 1129 quandoque
368 1078 570 1128 poteritpoenitens,
581 1084 605 1116 ut
615 1078 683 1116 locum
692 1090 710 1115 e.
723 1090 744 1128 g,
757 1077 879 1116 coemeterii
886 1084 955 1116 trans·

146 1138 193 1177 iens
208 1145 243 1177 aut
254 1139 390 1189 respiciens,
409 1139 448 1177 sibi
462 1139 503 1188 ipsi
515 1139 583 1176 dicat:
601 1138 642 1177 Hic
653 1139 724 1188 plures
736 1138 875 1185 tumulantur,
890 1139 955 1188 quiin

147 1199 201 1237 diem
212 1206 345 1249 praesentem
363 1211 386 1238 se
398 1199 492 1238 victuros
508 1198 648 1245 confidebant,
666 1197 706 1237 hoc
722 1198 742 1235 in
754 1198 800 1236 loeo
812 1198 874 1244 item,
893 1198 955 1237 citius

148 1272 208 1310 quam
220 1260 312 1305 credam,
324 1260 368 1298 fors
380 1260 450 1306 brevi,
468 1266 578 1310 putrescet
590 1271 666 1309 corpus
678 1271 760 1304 meum,
779 1259 831 1309 quod
842 1272 897 1298 nunc
908 1272 955 1309 per-

147 1321 188 1359 dite
200 1332 253 1359 amo.
271 1322 311 1360 Ast
322 1320 357 1359 ubi
375 1327 424 1360 tunc
442 1320 484 1359 erit
502 1320 570 1359 anima
586 1322 648 1359 mea?
666 1320 689 1358 ln
701 1319 795 1366 interno,
812 1319 854 1359 nisi
865 1332 955 1371 peecare

147 1382 254 1420 desistam.
271 1381 351 1431 Adjuva
362 1395 394 1420 me
412 1383 485 1427 Deus,
502 1382 549 1420 dum
564 1381 653 1420 tirmiter
670 1394 773 1431 propono,
790 1389 899 1432 peecatum
917 1382 955 1422 hoe

146 1444 179 1482 vet
187 1443 237 1482 illud
245 1456 284 1482 non
292 1454 355 1494 porro
363 1450 449 1494 patrare
457 1443 510 1482 velle
522 1473 527 1481 .
540 1474 544 1481 .
558 1473 563 1481 .
575 1443 615 1482 Vel
627 1443 646 1481 si
654 1442 709 1481 dicat
717 1443 835 1493 aspiciendo
847 1444 955 1494 sepulcra:

145 1505 235 1543 Vanitas
247 1506 372 1552 vanitatum,
385 1512 406 1544 et
417 1506 485 1544 omnia
495 1505 585 1544 vanitas.
603 1505 705 1544 Terrenis
718 1517 755 1543 cor
769 1517 837 1544 meum
854 1517 894 1545 non
911 1506 955 1546 atfi-

147 1580 195 1619 gam
213 1568 314 1618 amplius,
331 1567 382 1606 'Tibi
393 1568 444 1613 soli,
460 1568 519 1606 Deus
531 1568 572 1614 mi,
591 1566 722 1615 adhaerebo,
741 1573 826 1618 propter
841 1569 872 1607 're
888 1569 956 1608 omnia

146 1629 235 1668 libenter
248 1630 355 1668 sustinebo
367 1636 407 1668 etc.
421 1629 524 1679 Similiter
536 1642 553 1667 e.
566 1643 587 1682 g.
595 1630 619 1667 in
633 1629 863 1679 ecclesiarespieiendc
875 1630 899 1669 ad
911 1631 955 1670 ton-

145 1697 188 1729 tem
205 1691 363 1741 baptismalem,
375 1698 445 1743 potest
456 1691 529 1730 foedus
540 1692 663 1742 baptismale
680 1691 785 1729 renovari.
805 1693 828 1739 o)
845 1691 956 1744 Respecto

145 1755 203 1802 siqui
214 1753 286 1791 doceri
297 1759 366 1803 potest
377 1752 500 1804 poenitens,
521 1759 544 1792 ut
554 1765 574 1791 v.
587 1766 608 1805 g.
621 1752 740 1803 aspiciendo
757 1753 827 1804 ignem
845 1752 955 1792 infernalis

145 1814 201 1866 ignis
218 1815 339 1853 memoriam
356 1815 485 1862 resuscitet3
499 1838 529 1843 -
551 1815 670 1865 aspiciendo
691 1814 771 1853 Christi
792 1814 889 1853 crucifixi
904 1816 955 1854 ima·

145 1876 215 1927 ginem
228 1876 252 1914 ad
269 1876 390 1926 patientiam
402 1883 438 1914 aut
448 1877 530 1926 peccati
542 1876 623 1927 odium,
643 1877 667 1914 ad
682 1875 843 1921 contritionem,
861 1876 886 1914 ad
903 1876 955 1914 fidu-

146 1937 199 1975 ciam
221 1950 243 1975 se
263 1937 341 1975 animet
351 1944 402 1984 etc.;
421 1960 451 1965 -
463 1938 576 1988 spectando
589 1938 669 1976 coelum
688 1936 756 1974 stellis
775 1948 889 1976 coruscans
907 1950 954 1976 coe·

144 1998 205 2036 lestis
223 1999 304 2049 patriae
326 1998 465 2044 desiderium,
481 2005 502 2048 et
521 1999 541 2037 in
563 1999 642 2037 virtute
655 1997 778 2048 proficiendi
799 1997 905 2037 fervorem
920 2011 954 2039 ae-

146 2059 206 2098 cedat
216 2057 242 2108 1).

146 2178 182 2231 12.
197 2178 287 2233 Matura
299 2179 418 2233 veritatum
431 2179 592 2250 religiosarum
609 2179 729 2249 perpensio
750 2184 772 2232 et
789 2179 911 2249 appliealio
926 2180 955 2234 ad

410 2253 508 2307 animun
523 2253 692 2306 entendandum.

217 2364 235 2418 ξ.
259 2362 310 2405 170.
338 2366 429 2405 Brevem
451 2366 565 2404 veritatum
590 2366 739 2417 religiosarum
765 2365 954 2406 considerationem

145 2438 256 2477 earumque
268 2427 293 2466 ad
306 2427 395 2465 animum
408 2428 555 2466 emendandum
569 2427 726 2477 applicationem
739 2426 891 2477 poenitentibus
906 2441 953 2478 per·

144 2486 215 2526 utilem
227 2500 281 2535 esse,
295 2488 356 2527 dubio
370 2495 434 2528 caret.
452 2489 537 2526 Pariter
555 2488 616 2527 facile
631 2495 699 2539 patet,
715 2488 867 2527 confessarium
884 2490 954 2539 poeni·

142 2548 203 2593 tenti,
214 2550 325 2600 praecipue
337 2550 405 2588 minus
418 2550 481 2594 culto,
493 2552 576 2588 certant
588 2551 689 2600 quandam
703 2550 816 2587 veritatem
834 2549 953 2601 assignare,

143 2623 167 2648 ac
180 2610 242 2647 simul
253 2612 334 2650 modum
344 2612 400 2650 illam
414 2610 527 2649 salubriter
539 2612 563 2650 ad
576 2612 664 2649 animum
677 2623 736 2649 suum
747 2611 870 2661 applicandi,
883 2618 952 2650 osten·

142 2672 192 2710 dere
210 2670 293 2712 debere.
311 2673 343 2711 Ita
360 2685 379 2712 v.
398 2685 418 2725 g.
438 2678 547 2711 moneatur
563 2673 683 2722 poenitens,
706 2679 728 2710 ut
749 2673 807 2712 circa
828 2673 952 2712 veritatem:

143 2734 215 2773 „Deus
227 2731 308 2771 infinite
320 2741 419 2780 sanctus,
439 2733 480 2774 scit
491 2734 556 2772 malas
569 2733 722 2786 cogitationes,
741 2746 792 2784 quas
804 2733 875 2773 intime
889 2735 952 2773 corde

167 2868 182 2912 ¹)
193 2866 232 2902 Cir.
241 2865 336 2901 Libellum
346 2875 425 2911 precum
434 2867 452 2901 iu
460 2876 518 2903 usum
528 2865 579 2902 stud.
587 2865 702 2910 juventutis.
711 2866 766 2901 Vien.
775 2875 794 2910 p.
805 2867 907 2902 tel-139.
