<?xml version="1.0" encoding="UTF-8"?>
<!DOCTYPE html PUBLIC "-//W3C//DTD XHTML 1.0 Transitional//EN"
    "http://www.w3.org/TR/xhtml1/DTD/xhtml1-transitional.dtd">
<html xmlns="http://www.w3.org/1999/xhtml" xml:lang="en" lang="en">
 <head>
  <title>
</title>
<meta http-equiv="Content-Type" content="text/html;charset=utf-8" />
  <meta name='ocr-system' content='tesseract 3.04.00' />
  <meta name='ocr-capabilities' content='ocr_page ocr_carea ocr_par ocr_line ocrx_word'/>
</head>
<body>
  <div class='ocr_page' id='page_1' title='image "MN42038ucmf_0_0133.png"; bbox 0 0 2017 3193; ppageno 0'>
   <div class='ocr_carea' id='block_1_1' title="bbox 878 109 907 152">
    <p class='ocr_par' dir='ltr' id='par_1_1' title="bbox 878 109 907 152">
     <span class='ocr_line' id='line_1_1' title="bbox 878 109 907 152; baseline -0.034 0"><span class='ocrx_word' id='word_1_1' title='bbox 878 109 907 152; x_wconf 78' lang='lat'>91</span> 
     </span>
    </p>
   </div>
   <div class='ocr_carea' id='block_1_2' title="bbox 102 226 910 587">
    <p class='ocr_par' dir='ltr' id='par_1_2' title="bbox 102 226 910 587">
     <span class='ocr_line' id='line_1_2' title="bbox 102 226 908 284; baseline -0.01 -14"><span class='ocrx_word' id='word_1_2' title='bbox 102 232 176 284; x_wconf 88' lang='lat' dir='ltr'>giosus</span> <span class='ocrx_word' id='word_1_3' title='bbox 188 230 306 273; x_wconf 85' lang='lat' dir='ltr'>confitetur,</span> <span class='ocrx_word' id='word_1_4' title='bbox 319 241 341 266; x_wconf 90' lang='lat' dir='ltr'>se</span> <span class='ocrx_word' id='word_1_5' title='bbox 354 228 462 280; x_wconf 85' lang='lat' dir='ltr'>aliquando</span> <span class='ocrx_word' id='word_1_6' title='bbox 475 226 602 266; x_wconf 91' lang='lat' dir='ltr'>clandestino</span> <span class='ocrx_word' id='word_1_7' title='bbox 612 230 687 268; x_wconf 79' lang='lat' dir='ltr'>fratris</span> <span class='ocrx_word' id='word_1_8' title='bbox 699 226 807 276; x_wconf 89' lang='lat' dir='ltr'>cujusdam</span> <span class='ocrx_word' id='word_1_9' title='bbox 819 237 908 264; x_wconf 89' lang='lat' dir='ltr'>conven-</span> 
     </span>
     <span class='ocr_line' id='line_1_3' title="bbox 102 287 908 338; baseline -0.009 -8"><span class='ocrx_word' id='word_1_10' title='bbox 102 293 166 331; x_wconf 91' lang='lat' dir='ltr'>ticulo</span> <span class='ocrx_word' id='word_1_11' title='bbox 179 304 225 330; x_wconf 91' lang='lat' dir='ltr'>cum</span> <span class='ocrx_word' id='word_1_12' title='bbox 236 290 317 328; x_wconf 89' lang='lat' dir='ltr'>lasciva</span> <span class='ocrx_word' id='word_1_13' title='bbox 328 290 418 330; x_wconf 88' lang='lat' dir='ltr'>foemina</span> <span class='ocrx_word' id='word_1_14' title='bbox 434 290 456 327; x_wconf 90' lang='lat' dir='ltr'>in</span> <span class='ocrx_word' id='word_1_15' title='bbox 471 288 564 325; x_wconf 90' lang='lat' dir='ltr'>claustro</span> <span class='ocrx_word' id='word_1_16' title='bbox 575 290 698 327; x_wconf 76' lang='lat' dir='ltr'>interfuisse</span> <span class='ocrx_word' id='word_1_17' title='bbox 717 295 737 327; x_wconf 91' lang='lat' dir='ltr'>et</span> <span class='ocrx_word' id='word_1_18' title='bbox 753 287 894 338; x_wconf 70' lang='lat' dir='ltr'>participasse</span> <span class='ocrx_word' id='word_1_19' title='bbox 902 301 908 330; x_wconf 73' lang='lat'>3</span> 
     </span>
     <span class='ocr_line' id='line_1_4' title="bbox 103 348 908 403; baseline -0.01 -11"><span class='ocrx_word' id='word_1_20' title='bbox 103 367 126 392; x_wconf 90' lang='lat' dir='ltr'>se</span> <span class='ocrx_word' id='word_1_21' title='bbox 138 353 219 403; x_wconf 87' lang='lat' dir='ltr'>quidem</span> <span class='ocrx_word' id='word_1_22' title='bbox 231 351 315 401; x_wconf 84' lang='lat' dir='ltr'>saepius</span> <span class='ocrx_word' id='word_1_23' title='bbox 324 351 367 400; x_wconf 86' lang='lat' dir='ltr'>jam</span> <span class='ocrx_word' id='word_1_24' title='bbox 378 352 487 400; x_wconf 90' lang='lat' dir='ltr'>hucusque</span> <span class='ocrx_word' id='word_1_25' title='bbox 495 348 606 386; x_wconf 90' lang='lat' dir='ltr'>deflevisse</span> <span class='ocrx_word' id='word_1_26' title='bbox 617 357 804 399; x_wconf 88' lang='lat' dir='ltr'>peccatum-suum,</span> <span class='ocrx_word' id='word_1_27' title='bbox 818 354 908 386; x_wconf 90' lang='lat' dir='ltr'>attamen</span> 
     </span>
     <span class='ocr_line' id='line_1_5' title="bbox 102 409 909 465; baseline -0.009 -12"><span class='ocrx_word' id='word_1_28' title='bbox 102 421 202 465; x_wconf 89' lang='lat' dir='ltr'>perpetuo</span> <span class='ocrx_word' id='word_1_29' title='bbox 215 413 281 464; x_wconf 91' lang='lat' dir='ltr'>premi</span> <span class='ocrx_word' id='word_1_30' title='bbox 293 426 380 465; x_wconf 84' lang='lat' dir='ltr'>angore,</span> <span class='ocrx_word' id='word_1_31' title='bbox 396 425 442 452; x_wconf 90' lang='lat' dir='ltr'>cnm</span> <span class='ocrx_word' id='word_1_32' title='bbox 455 410 509 449; x_wconf 88' lang='lat' dir='ltr'>sciat</span> <span class='ocrx_word' id='word_1_33' title='bbox 521 410 607 448; x_wconf 85' lang='lat' dir='ltr'>eandem</span> <span class='ocrx_word' id='word_1_34' title='bbox 618 411 728 449; x_wconf 85' lang='lat' dir='ltr'>foeminam</span> <span class='ocrx_word' id='word_1_35' title='bbox 740 412 854 464; x_wconf 87' lang='lat' dir='ltr'>diligenter</span> <span class='ocrx_word' id='word_1_36' title='bbox 867 409 909 447; x_wconf 85' lang='lat' dir='ltr'>fre·</span> 
     </span>
     <span class='ocr_line' id='line_1_6' title="bbox 104 470 910 526; baseline -0.009 -13"><span class='ocrx_word' id='word_1_37' title='bbox 104 482 204 526; x_wconf 88' lang='lat' dir='ltr'>quentare</span> <span class='ocrx_word' id='word_1_38' title='bbox 217 475 293 513; x_wconf 88' lang='lat' dir='ltr'>dictum</span> <span class='ocrx_word' id='word_1_39' title='bbox 304 475 435 526; x_wconf 86' lang='lat' dir='ltr'>religiosum,</span> <span class='ocrx_word' id='word_1_40' title='bbox 454 471 547 521; x_wconf 88' lang='lat' dir='ltr'>aliosque</span> <span class='ocrx_word' id='word_1_41' title='bbox 555 470 652 519; x_wconf 87' lang='lat' dir='ltr'>juniores</span> <span class='ocrx_word' id='word_1_42' title='bbox 665 472 753 510; x_wconf 89' lang='lat' dir='ltr'>clericos</span> <span class='ocrx_word' id='word_1_43' title='bbox 766 485 847 524; x_wconf 86' lang='lat' dir='ltr'>quoque</span> <span class='ocrx_word' id='word_1_44' title='bbox 860 482 910 508; x_wconf 87' lang='lat' dir='ltr'>suas</span> 
     </span>
     <span class='ocr_line' id='line_1_7' title="bbox 103 536 396 587; baseline -0.003 -13"><span class='ocrx_word' id='word_1_45' title='bbox 103 538 123 574; x_wconf 94' lang='lat' dir='ltr'>in</span> <span class='ocrx_word' id='word_1_46' title='bbox 135 544 207 587; x_wconf 90' lang='lat' dir='ltr'>partes</span> <span class='ocrx_word' id='word_1_47' title='bbox 221 536 304 575; x_wconf 77' lang='lat' dir='ltr'><strong>trahere</strong></span> <span class='ocrx_word' id='word_1_48' title='bbox 318 536 396 575; x_wconf 87' lang='lat' dir='ltr'>conari.</span> 
     </span>
    </p>
   </div>
   <div class='ocr_carea' id='block_1_3' title="bbox 317 641 694 722">
    <p class='ocr_par' dir='ltr' id='par_1_3' title="bbox 317 641 694 722">
     <span class='ocr_line' id='line_1_8' title="bbox 317 641 694 722; baseline -0.008 -15"><span class='ocrx_word' id='word_1_49' title='bbox 317 654 412 707; x_wconf 76' lang='lat' dir='ltr'>violatio</span> <span class='ocrx_word' id='word_1_50' title='bbox 426 651 497 722; x_wconf 81' lang='lat' dir='ltr'>sigilli</span> <span class='ocrx_word' id='word_1_51' title='bbox 512 641 694 706; x_wconf 84' lang='lat' dir='ltr'>sacramentalis.</span> 
     </span>
    </p>
   </div>
   <div class='ocr_carea' id='block_1_4' title="bbox 102 778 919 2175">
    <p class='ocr_par' dir='ltr' id='par_1_4' title="bbox 102 778 919 2175">
     <span class='ocr_line' id='line_1_9' title="bbox 180 778 911 835; baseline -0.005 -15"><span class='ocrx_word' id='word_1_52' title='bbox 180 781 198 835; x_wconf 73' lang='lat'>§2</span> <span class='ocrx_word' id='word_1_53' title='bbox 218 779 253 821; x_wconf 78' lang='grc'>62.</span> <span class='ocrx_word' id='word_1_54' title='bbox 273 784 342 819; x_wconf 81' lang='lat' dir='ltr'>Tanta</span> <span class='ocrx_word' id='word_1_55' title='bbox 361 787 394 818; x_wconf 88' lang='lat' dir='ltr'>est</span> <span class='ocrx_word' id='word_1_56' title='bbox 411 779 478 831; x_wconf 89' lang='lat' dir='ltr'>sigilli</span> <span class='ocrx_word' id='word_1_57' title='bbox 497 778 637 817; x_wconf 88' lang='lat' dir='ltr'>confessionis</span> <span class='ocrx_word' id='word_1_58' title='bbox 655 779 782 830; x_wconf 75' lang='lat' dir='ltr'>integritas,</span> <span class='ocrx_word' id='word_1_59' title='bbox 806 785 828 816; x_wconf 85' lang='lat' dir='ltr'>ut</span> <span class='ocrx_word' id='word_1_60' title='bbox 846 779 911 816; x_wconf 91' lang='lat' dir='ltr'>omnis</span> 
     </span>
     <span class='ocr_line' id='line_1_10' title="bbox 105 840 911 894; baseline -0.006 -11"><span class='ocrx_word' id='word_1_61' title='bbox 105 844 185 883; x_wconf 89' lang='lat' dir='ltr'>omnino</span> <span class='ocrx_word' id='word_1_62' title='bbox 198 844 347 894; x_wconf 89' lang='lat' dir='ltr'>qualiscunque</span> <span class='ocrx_word' id='word_1_63' title='bbox 360 842 431 880; x_wconf 86' lang='lat' dir='ltr'>modus</span> <span class='ocrx_word' id='word_1_64' title='bbox 443 841 560 891; x_wconf 86' lang='lat' dir='ltr'>prohibitus</span> <span class='ocrx_word' id='word_1_65' title='bbox 573 841 658 891; x_wconf 91' lang='lat' dir='ltr'>sit,·quo</span> <span class='ocrx_word' id='word_1_66' title='bbox 671 840 781 890; x_wconf 81' lang='lat' dir='ltr'>quidquam</span> <span class='ocrx_word' id='word_1_67' title='bbox 793 853 819 878; x_wconf 77' lang='lat' dir='ltr'>ex</span> <span class='ocrx_word' id='word_1_68' title='bbox 831 840 911 878; x_wconf 85' lang='lat' dir='ltr'>confes-</span> 
     </span>
     <span class='ocr_line' id='line_1_11' title="bbox 104 902 912 956; baseline -0.007 -11"><span class='ocrx_word' id='word_1_69' title='bbox 104 906 161 945; x_wconf 89' lang='lat' dir='ltr'>sione</span> <span class='ocrx_word' id='word_1_70' title='bbox 173 905 280 956; x_wconf 88' lang='lat' dir='ltr'>propalari</span> <span class='ocrx_word' id='word_1_71' title='bbox 290 904 363 953; x_wconf 87' lang='lat' dir='ltr'>possit.</span> <span class='ocrx_word' id='word_1_72' title='bbox 377 903 434 952; x_wconf 82' lang='lat' dir='ltr'>Quod</span> <span class='ocrx_word' id='word_1_73' title='bbox 447 915 507 953; x_wconf 90' lang='lat' dir='ltr'>quum</span> <span class='ocrx_word' id='word_1_74' title='bbox 520 902 587 947; x_wconf 74' lang='lat' dir='ltr'>fieret,</span> <span class='ocrx_word' id='word_1_75' title='bbox 600 903 693 954; x_wconf 81' lang='lat' dir='ltr'>sigillum</span> <span class='ocrx_word' id='word_1_76' title='bbox 705 902 857 941; x_wconf 82' lang='lat' dir='ltr'>sacramentale</span> <span class='ocrx_word' id='word_1_77' title='bbox 870 902 912 939; x_wconf 84' lang='lat' dir='ltr'>vio-</span> 
     </span>
     <span class='ocr_line' id='line_1_12' title="bbox 104 964 913 1016; baseline -0.007 -10"><span class='ocrx_word' id='word_1_78' title='bbox 104 968 144 1006; x_wconf 91' lang='lat' dir='ltr'>lari</span> <span class='ocrx_word' id='word_1_79' title='bbox 162 968 245 1006; x_wconf 90' lang='lat' dir='ltr'>dicitur.</span> <span class='ocrx_word' id='word_1_80' title='bbox 262 968 303 1003; x_wconf 78' lang='lat' dir='ltr'>Est</span> <span class='ocrx_word' id='word_1_81' title='bbox 318 971 386 1003; x_wconf 88' lang='lat' dir='ltr'>antem</span> <span class='ocrx_word' id='word_1_82' title='bbox 405 964 457 1002; x_wconf 91' lang='lat' dir='ltr'>haec</span> <span class='ocrx_word' id='word_1_83' title='bbox 474 964 540 1016; x_wconf 80' lang='lat' dir='ltr'>sigilli</span> <span class='ocrx_word' id='word_1_84' title='bbox 554 964 639 1002; x_wconf 88' lang='lat' dir='ltr'>violatio</span> <span class='ocrx_word' id='word_1_85' title='bbox 658 967 681 1011; x_wconf 80' lang='lat' dir='ltr'>a]</span> <span class='ocrx_word' id='word_1_86' title='bbox 698 964 794 1013; x_wconf 80' lang='lat' dir='ltr'>directo,</span> <span class='ocrx_word' id='word_1_87' title='bbox 815 976 913 1013; x_wconf 86' lang='lat' dir='ltr'>comper</span> 
     </span>
     <span class='ocr_line' id='line_1_13' title="bbox 104 1025 913 1076; baseline -0.006 -9"><span class='ocrx_word' id='word_1_88' title='bbox 104 1041 222 1068; x_wconf 90' lang='lat' dir='ltr'>sermonem</span> <span class='ocrx_word' id='word_1_89' title='bbox 234 1029 266 1065; x_wconf 91' lang='lat' dir='ltr'>vel</span> <span class='ocrx_word' id='word_1_90' title='bbox 284 1027 387 1065; x_wconf 77' lang='lat' dir='ltr'>actionem</span> <span class='ocrx_word' id='word_1_91' title='bbox 403 1039 525 1076; x_wconf 83' lang='lat' dir='ltr'>expressam</span> <span class='ocrx_word' id='word_1_92' title='bbox 542 1026 566 1063; x_wconf 84' lang='lat' dir='ltr'>de</span> <span class='ocrx_word' id='word_1_93' title='bbox 578 1026 646 1076; x_wconf 90' lang='lat' dir='ltr'>aliquo</span> <span class='ocrx_word' id='word_1_94' title='bbox 657 1038 695 1075; x_wconf 90' lang='lat' dir='ltr'>per</span> <span class='ocrx_word' id='word_1_95' title='bbox 714 1027 779 1064; x_wconf 90' lang='lat' dir='ltr'>solam</span> <span class='ocrx_word' id='word_1_96' title='bbox 798 1025 913 1064; x_wconf 85' lang='lat' dir='ltr'>confessio·</span> 
     </span>
     <span class='ocr_line' id='line_1_14' title="bbox 104 1087 914 1140; baseline -0.006 -12"><span class='ocrx_word' id='word_1_97' title='bbox 104 1103 151 1132; x_wconf 80' lang='lat' dir='ltr'>nem</span> <span class='ocrx_word' id='word_1_98' title='bbox 171 1089 256 1140; x_wconf 91' lang='lat' dir='ltr'>cognito</span> <span class='ocrx_word' id='word_1_99' title='bbox 276 1089 368 1133; x_wconf 88' lang='lat' dir='ltr'>dicatur,</span> <span class='ocrx_word' id='word_1_100' title='bbox 385 1088 437 1138; x_wconf 90' lang='lat' dir='ltr'>quod</span> <span class='ocrx_word' id='word_1_101' title='bbox 451 1089 493 1126; x_wconf 89' lang='lat' dir='ltr'>tale</span> <span class='ocrx_word' id='word_1_102' title='bbox 513 1094 623 1137; x_wconf 89' lang='lat' dir='ltr'>peccatum</span> <span class='ocrx_word' id='word_1_103' title='bbox 641 1087 776 1125; x_wconf 87' lang='lat' dir='ltr'>commiserit.</span> <span class='ocrx_word' id='word_1_104' title='bbox 795 1090 822 1125; x_wconf 84' lang='lat' dir='ltr'>Et</span> <span class='ocrx_word' id='word_1_105' title='bbox 837 1087 914 1126; x_wconf 89' lang='lat' dir='ltr'>dicitnr</span> 
     </span>
     <span class='ocr_line' id='line_1_15' title="bbox 102 1144 914 1206; baseline -0.005 -17"><span class='ocrx_word' id='word_1_106' title='bbox 102 1151 180 1206; x_wconf 75' lang='lat' dir='ltr'>pleno,</span> <span class='ocrx_word' id='word_1_107' title='bbox 194 1163 240 1189; x_wconf 91' lang='lat' dir='ltr'>cum</span> <span class='ocrx_word' id='word_1_108' title='bbox 252 1150 378 1195; x_wconf 89' lang='lat' dir='ltr'>nominetur,</span> <span class='ocrx_word' id='word_1_109' title='bbox 391 1156 426 1188; x_wconf 90' lang='lat' dir='ltr'>aut</span> <span class='ocrx_word' id='word_1_110' title='bbox 438 1150 500 1191; x_wconf 85' lang='lat' dir='ltr'>etiam</span> <span class='ocrx_word' id='word_1_111' title='bbox 513 1149 557 1186; x_wconf 86' lang='lat' dir='ltr'>sine</span> <span class='ocrx_word' id='word_1_112' title='bbox 569 1149 651 1187; x_wconf 89' lang='lat' dir='ltr'>nomine</span> <span class='ocrx_word' id='word_1_113' title='bbox 664 1149 815 1187; x_wconf 83' lang='lat' dir='ltr'>determinetur</span> <span class='ocrx_word' id='word_1_114' title='bbox 826 1144 855 1196; x_wconf 78' lang='grc' dir='ltr'>ἀ)</span> <span class='ocrx_word' id='word_1_115' title='bbox 867 1161 914 1199; x_wconf 87' lang='lat' dir='ltr'>per-</span> 
     </span>
     <span class='ocr_line' id='line_1_16' title="bbox 107 1211 916 1264; baseline -0.002 -14"><span class='ocrx_word' id='word_1_116' title='bbox 107 1224 165 1257; x_wconf 88' lang='lat' dir='ltr'>sona,</span> <span class='ocrx_word' id='word_1_117' title='bbox 178 1225 231 1262; x_wconf 90' lang='lat' dir='ltr'>qnae</span> <span class='ocrx_word' id='word_1_118' title='bbox 243 1211 342 1250; x_wconf 87' lang='lat' dir='ltr'>confessa</span> <span class='ocrx_word' id='word_1_119' title='bbox 353 1212 430 1256; x_wconf 86' lang='lat' dir='ltr'>fuerat,</span> <span class='ocrx_word' id='word_1_120' title='bbox 448 1212 472 1264; x_wconf 79' lang='grc' dir='ltr'>β)</span> <span class='ocrx_word' id='word_1_121' title='bbox 484 1216 601 1261; x_wconf 89' lang='lat' dir='ltr'>peccatum,</span> <span class='ocrx_word' id='word_1_122' title='bbox 613 1211 638 1249; x_wconf 93' lang='lat' dir='ltr'>de</span> <span class='ocrx_word' id='word_1_123' title='bbox 650 1223 689 1260; x_wconf 92' lang='lat' dir='ltr'>quo</span> <span class='ocrx_word' id='word_1_124' title='bbox 701 1224 724 1248; x_wconf 91' lang='lat' dir='ltr'>se</span> <span class='ocrx_word' id='word_1_125' title='bbox 737 1216 882 1254; x_wconf 88' lang='lat' dir='ltr'>accusaverat,</span> <span class='ocrx_word' id='word_1_126' title='bbox 895 1215 916 1247; x_wconf 87' lang='lat' dir='ltr'>ct</span> 
     </span>
     <span class='ocr_line' id='line_1_17' title="bbox 106 1272 915 1326; baseline -0.002 -15"><span class='ocrx_word' id='word_1_127' title='bbox 106 1277 128 1326; x_wconf 83' lang='lat' dir='ltr'>y]</span> <span class='ocrx_word' id='word_1_128' title='bbox 142 1274 194 1323; x_wconf 90' lang='lat' dir='ltr'>quod</span> <span class='ocrx_word' id='word_1_129' title='bbox 206 1273 245 1311; x_wconf 90' lang='lat' dir='ltr'>hoc</span> <span class='ocrx_word' id='word_1_130' title='bbox 256 1277 365 1323; x_wconf 84' lang='lat' dir='ltr'>peccatum</span> <span class='ocrx_word' id='word_1_131' title='bbox 378 1273 510 1311; x_wconf 85' lang='lat' dir='ltr'>confessione</span> <span class='ocrx_word' id='word_1_132' title='bbox 523 1278 666 1321; x_wconf 82' lang='lat' dir='ltr'>expresserat.</span> <span class='ocrx_word' id='word_1_133' title='bbox 679 1272 761 1310; x_wconf 83' lang='lat' dir='ltr'>Sivcro</span> <span class='ocrx_word' id='word_1_134' title='bbox 769 1272 844 1310; x_wconf 89' lang='lat' dir='ltr'>horum</span> <span class='ocrx_word' id='word_1_135' title='bbox 852 1272 915 1309; x_wconf 92' lang='lat' dir='ltr'>trium</span> 
     </span>
     <span class='ocr_line' id='line_1_18' title="bbox 107 1334 916 1379; baseline -0.002 -6"><span class='ocrx_word' id='word_1_136' title='bbox 107 1341 257 1373; x_wconf 82' lang='lat' dir='ltr'>momentorum</span> <span class='ocrx_word' id='word_1_137' title='bbox 276 1347 338 1372; x_wconf 92' lang='lat' dir='ltr'>unum</span> <span class='ocrx_word' id='word_1_138' title='bbox 354 1336 470 1373; x_wconf 89' lang='lat' dir='ltr'>alterumve</span> <span class='ocrx_word' id='word_1_139' title='bbox 488 1334 618 1379; x_wconf 81' lang='lat' dir='ltr'>reticeatur,</span> <span class='ocrx_word' id='word_1_140' title='bbox 636 1334 666 1372; x_wconf 90' lang='lat' dir='ltr'>ita</span> <span class='ocrx_word' id='word_1_141' title='bbox 684 1340 753 1372; x_wconf 89' lang='lat' dir='ltr'>tamen</span> <span class='ocrx_word' id='word_1_142' title='bbox 772 1334 875 1372; x_wconf 86' lang='lat' dir='ltr'>derebus</span> <span class='ocrx_word' id='word_1_143' title='bbox 890 1345 916 1371; x_wconf 81' lang='lat' dir='ltr'>ex</span> 
     </span>
     <span class='ocr_line' id='line_1_19' title="bbox 107 1395 915 1446; baseline -0.004 -11"><span class='ocrx_word' id='word_1_144' title='bbox 107 1397 239 1435; x_wconf 83' lang='lat' dir='ltr'>confessione</span> <span class='ocrx_word' id='word_1_145' title='bbox 251 1397 306 1434; x_wconf 89' lang='lat' dir='ltr'>notis</span> <span class='ocrx_word' id='word_1_146' title='bbox 318 1409 388 1434; x_wconf 86' lang='lat' dir='ltr'>sermo</span> <span class='ocrx_word' id='word_1_147' title='bbox 400 1397 444 1442; x_wconf 86' lang='lat' dir='ltr'>fiat,</span> <span class='ocrx_word' id='word_1_148' title='bbox 456 1402 479 1433; x_wconf 92' lang='lat' dir='ltr'>ut</span> <span class='ocrx_word' id='word_1_149' title='bbox 492 1396 544 1433; x_wconf 91' lang='lat' dir='ltr'>alius</span> <span class='ocrx_word' id='word_1_150' title='bbox 557 1396 654 1446; x_wconf 88' lang='lat' dir='ltr'>supplere</span> <span class='ocrx_word' id='word_1_151' title='bbox 665 1409 703 1445; x_wconf 89' lang='lat' dir='ltr'>per</span> <span class='ocrx_word' id='word_1_152' title='bbox 712 1395 854 1444; x_wconf 86' lang='lat' dir='ltr'>conjecturam</span> <span class='ocrx_word' id='word_1_153' title='bbox 866 1395 915 1433; x_wconf 86' lang='lat' dir='ltr'>deii-</span> 
     </span>
     <span class='ocr_line' id='line_1_20' title="bbox 107 1456 916 1510; baseline -0.002 -14"><span class='ocrx_word' id='word_1_154' title='bbox 107 1458 184 1497; x_wconf 90' lang='lat' dir='ltr'>cientia</span> <span class='ocrx_word' id='word_1_155' title='bbox 202 1464 273 1508; x_wconf 86' lang='lat' dir='ltr'>queat,</span> <span class='ocrx_word' id='word_1_156' title='bbox 288 1457 395 1509; x_wconf 78' lang='lat' dir='ltr'>partialis</span> <span class='ocrx_word' id='word_1_157' title='bbox 407 1458 471 1510; x_wconf 83' lang='lat' dir='ltr'>sigilli</span> <span class='ocrx_word' id='word_1_158' title='bbox 483 1457 568 1495; x_wconf 86' lang='lat' dir='ltr'>violatio</span> <span class='ocrx_word' id='word_1_159' title='bbox 588 1463 627 1495; x_wconf 87' lang='lat' dir='ltr'>est.</span> <span class='ocrx_word' id='word_1_160' title='bbox 644 1458 669 1505; x_wconf 81' lang='lat' dir='ltr'>b]</span> <span class='ocrx_word' id='word_1_161' title='bbox 681 1456 807 1507; x_wconf 59' lang='lat' dir='ltr'>Inclinato,</span> <span class='ocrx_word' id='word_1_162' title='bbox 826 1470 872 1496; x_wconf 91' lang='lat' dir='ltr'>cum</span> <span class='ocrx_word' id='word_1_163' title='bbox 891 1456 916 1494; x_wconf 91' lang='lat' dir='ltr'>de</span> 
     </span>
     <span class='ocr_line' id='line_1_21' title="bbox 107 1518 916 1569; baseline -0.004 -11"><span class='ocrx_word' id='word_1_164' title='bbox 107 1519 240 1558; x_wconf 85' lang='lat' dir='ltr'>confessione</span> <span class='ocrx_word' id='word_1_165' title='bbox 259 1520 300 1557; x_wconf 88' lang='lat' dir='ltr'>sibi</span> <span class='ocrx_word' id='word_1_166' title='bbox 318 1519 374 1558; x_wconf 87' lang='lat' dir='ltr'>facta</span> <span class='ocrx_word' id='word_1_167' title='bbox 391 1520 422 1558; x_wconf 88' lang='lat' dir='ltr'>ita</span> <span class='ocrx_word' id='word_1_168' title='bbox 440 1518 584 1558; x_wconf 87' lang='lat' dir='ltr'>confessarius</span> <span class='ocrx_word' id='word_1_169' title='bbox 603 1520 711 1569; x_wconf 88' lang='lat' dir='ltr'>loquatur,</span> <span class='ocrx_word' id='word_1_170' title='bbox 733 1525 756 1556; x_wconf 90' lang='lat' dir='ltr'>ut</span> <span class='ocrx_word' id='word_1_171' title='bbox 771 1519 821 1557; x_wconf 86' lang='lat' dir='ltr'>nihil</span> <span class='ocrx_word' id='word_1_172' title='bbox 837 1531 916 1564; x_wconf 89' lang='lat' dir='ltr'>eorum,</span> 
     </span>
     <span class='ocr_line' id='line_1_22' title="bbox 108 1576 917 1632; baseline -0.002 -13"><span class='ocrx_word' id='word_1_173' title='bbox 108 1576 159 1632; x_wconf 87' lang='lat' dir='ltr'>quae&#39;</span> <span class='ocrx_word' id='word_1_174' title='bbox 170 1582 239 1631; x_wconf 90' lang='lat' dir='ltr'>ipsum</span> <span class='ocrx_word' id='word_1_175' title='bbox 251 1581 272 1618; x_wconf 93' lang='lat' dir='ltr'>vi</span> <span class='ocrx_word' id='word_1_176' title='bbox 283 1581 349 1632; x_wconf 87' lang='lat' dir='ltr'>sigilli</span> <span class='ocrx_word' id='word_1_177' title='bbox 361 1583 431 1620; x_wconf 89' lang='lat' dir='ltr'>celare</span> <span class='ocrx_word' id='word_1_178' title='bbox 444 1587 533 1631; x_wconf 87' lang='lat' dir='ltr'>oportet,</span> <span class='ocrx_word' id='word_1_179' title='bbox 545 1581 627 1630; x_wconf 82' lang='lat' dir='ltr'>prodat,</span> <span class='ocrx_word' id='word_1_180' title='bbox 640 1581 676 1618; x_wconf 90' lang='lat' dir='ltr'>sed</span> <span class='ocrx_word' id='word_1_181' title='bbox 688 1587 757 1618; x_wconf 92' lang='lat' dir='ltr'>tamen</span> <span class='ocrx_word' id='word_1_182' title='bbox 768 1581 871 1631; x_wconf 89' lang='lat' dir='ltr'>loquendo</span> <span class='ocrx_word' id='word_1_183' title='bbox 883 1580 917 1617; x_wconf 92' lang='lat' dir='ltr'>vel</span> 
     </span>
     <span class='ocr_line' id='line_1_23' title="bbox 108 1641 918 1694; baseline -0.001 -14"><span class='ocrx_word' id='word_1_184' title='bbox 108 1643 189 1694; x_wconf 85' lang='lat' dir='ltr'>agendo</span> <span class='ocrx_word' id='word_1_185' title='bbox 205 1655 277 1680; x_wconf 88' lang='lat' dir='ltr'>ansam</span> <span class='ocrx_word' id='word_1_186' title='bbox 294 1643 406 1692; x_wconf 87' lang='lat' dir='ltr'>praebeat,</span> <span class='ocrx_word' id='word_1_187' title='bbox 425 1643 535 1693; x_wconf 89' lang='lat' dir='ltr'>quidquam</span> <span class='ocrx_word' id='word_1_188' title='bbox 551 1642 575 1681; x_wconf 88' lang='lat' dir='ltr'>de</span> <span class='ocrx_word' id='word_1_189' title='bbox 593 1643 713 1692; x_wconf 88' lang='lat' dir='ltr'>poenitente</span> <span class='ocrx_word' id='word_1_190' title='bbox 730 1642 846 1687; x_wconf 90' lang='lat' dir='ltr'>resciendi,</span> <span class='ocrx_word' id='word_1_191' title='bbox 865 1641 918 1691; x_wconf 90' lang='lat' dir='ltr'>qnod</span> 
     </span>
     <span class='ocr_line' id='line_1_24' title="bbox 107 1704 918 1756; baseline -0.002 -14"><span class='ocrx_word' id='word_1_192' title='bbox 107 1704 155 1742; x_wconf 90' lang='lat' dir='ltr'>hnic</span> <span class='ocrx_word' id='word_1_193' title='bbox 166 1704 329 1756; x_wconf 86' lang='lat' dir='ltr'>ignominiosum</span> <span class='ocrx_word' id='word_1_194' title='bbox 341 1711 376 1742; x_wconf 87' lang='lat' dir='ltr'>aut</span> <span class='ocrx_word' id='word_1_195' title='bbox 388 1705 499 1742; x_wconf 89' lang='lat' dir='ltr'>molestum</span> <span class='ocrx_word' id='word_1_196' title='bbox 512 1715 559 1742; x_wconf 91' lang='lat' dir='ltr'>esse</span> <span class='ocrx_word' id='word_1_197' title='bbox 571 1704 646 1754; x_wconf 91' lang='lat' dir='ltr'>possit.</span> <span class='ocrx_word' id='word_1_198' title='bbox 661 1706 694 1742; x_wconf 79' lang='lat' dir='ltr'>Ex</span> <span class='ocrx_word' id='word_1_199' title='bbox 706 1704 767 1742; x_wconf 89' lang='lat' dir='ltr'>dictis</span> <span class='ocrx_word' id='word_1_200' title='bbox 779 1704 841 1742; x_wconf 86' lang='lat' dir='ltr'>facile</span> <span class='ocrx_word' id='word_1_201' title='bbox 853 1709 918 1752; x_wconf 87' lang='lat' dir='ltr'>patet,</span> 
     </span>
     <span class='ocr_line' id='line_1_25' title="bbox 108 1765 918 1816; baseline -0.001 -13"><span class='ocrx_word' id='word_1_202' title='bbox 108 1765 168 1804; x_wconf 87' lang='lat' dir='ltr'>nefas</span> <span class='ocrx_word' id='word_1_203' title='bbox 181 1778 236 1811; x_wconf 85' lang='lat' dir='ltr'>esse,</span> <span class='ocrx_word' id='word_1_204' title='bbox 249 1765 357 1816; x_wconf 89' lang='lat' dir='ltr'>quidquam</span> <span class='ocrx_word' id='word_1_205' title='bbox 370 1767 394 1804; x_wconf 90' lang='lat' dir='ltr'>de</span> <span class='ocrx_word' id='word_1_206' title='bbox 407 1766 575 1805; x_wconf 81' lang='lat' dir='ltr'>confessionibus</span> <span class='ocrx_word' id='word_1_207' title='bbox 588 1779 600 1803; x_wconf 93' lang='lat' dir='ltr'>a</span> <span class='ocrx_word' id='word_1_208' title='bbox 612 1779 635 1803; x_wconf 89' lang='lat' dir='ltr'>se</span> <span class='ocrx_word' id='word_1_209' title='bbox 645 1766 721 1804; x_wconf 91' lang='lat' dir='ltr'>auditis</span> <span class='ocrx_word' id='word_1_210' title='bbox 734 1766 824 1810; x_wconf 79' lang='lat' dir='ltr'>referre,</span> <span class='ocrx_word' id='word_1_211' title='bbox 837 1778 876 1815; x_wconf 91' lang='lat' dir='ltr'>quo</span> <span class='ocrx_word' id='word_1_212' title='bbox 884 1765 918 1802; x_wconf 87' lang='lat' dir='ltr'>vel</span> 
     </span>
     <span class='ocr_line' id='line_1_26' title="bbox 108 1826 918 1879; baseline 0 -15"><span class='ocrx_word' id='word_1_213' title='bbox 108 1827 205 1879; x_wconf 84' lang='lat' dir='ltr'>singulae</span> <span class='ocrx_word' id='word_1_214' title='bbox 223 1840 340 1878; x_wconf 84' lang='lat' dir='ltr'>personae,</span> <span class='ocrx_word' id='word_1_215' title='bbox 360 1834 395 1866; x_wconf 90' lang='lat' dir='ltr'>aut</span> <span class='ocrx_word' id='word_1_216' title='bbox 414 1828 552 1866; x_wconf 82' lang='lat' dir='ltr'>communitas</span> <span class='ocrx_word' id='word_1_217' title='bbox 568 1827 672 1865; x_wconf 87' lang='lat' dir='ltr'>diffamari</span> <span class='ocrx_word' id='word_1_218' title='bbox 686 1833 722 1865; x_wconf 91' lang='lat' dir='ltr'>aut</span> <span class='ocrx_word' id='word_1_219' title='bbox 736 1833 847 1878; x_wconf 86' lang='lat' dir='ltr'>suspectae</span> <span class='ocrx_word' id='word_1_220' title='bbox 858 1826 918 1878; x_wconf 80' lang='lat' dir='ltr'>reddi</span> 
     </span>
     <span class='ocr_line' id='line_1_27' title="bbox 107 1888 919 1940; baseline -0.001 -13"><span class='ocrx_word' id='word_1_221' title='bbox 107 1890 190 1939; x_wconf 91' lang='lat' dir='ltr'>possint</span> <span class='ocrx_word' id='word_1_222' title='bbox 200 1890 249 1927; x_wconf 89' lang='lat' dir='ltr'>item</span> <span class='ocrx_word' id='word_1_223' title='bbox 263 1889 402 1928; x_wconf 83' lang='lat' dir='ltr'>Sacramenta</span> <span class='ocrx_word' id='word_1_224' title='bbox 413 1890 516 1934; x_wconf 80' lang='lat' dir='ltr'>virorum,</span> <span class='ocrx_word' id='word_1_225' title='bbox 535 1889 559 1926; x_wconf 92' lang='lat' dir='ltr'>oh</span> <span class='ocrx_word' id='word_1_226' title='bbox 571 1889 662 1939; x_wconf 91' lang='lat' dir='ltr'>petentis</span> <span class='ocrx_word' id='word_1_227' title='bbox 673 1889 820 1940; x_wconf 85' lang='lat' dir='ltr'>indignitatem</span> <span class='ocrx_word' id='word_1_228' title='bbox 833 1901 858 1926; x_wconf 84' lang='lat' dir='ltr'>ex</span> <span class='ocrx_word' id='word_1_229' title='bbox 874 1888 919 1926; x_wconf 91' lang='lat' dir='ltr'>sola</span> 
     </span>
     <span class='ocr_line' id='line_1_28' title="bbox 109 1950 919 2002; baseline -0.002 -14"><span class='ocrx_word' id='word_1_230' title='bbox 109 1951 241 1989; x_wconf 82' lang='lat' dir='ltr'>confessione</span> <span class='ocrx_word' id='word_1_231' title='bbox 253 1957 322 1988; x_wconf 91' lang='lat' dir='ltr'>notam</span> <span class='ocrx_word' id='word_1_232' title='bbox 335 1963 406 1989; x_wconf 86' lang='lat' dir='ltr'>coram</span> <span class='ocrx_word' id='word_1_233' title='bbox 418 1951 464 1989; x_wconf 90' lang='lat' dir='ltr'>aliis</span> <span class='ocrx_word' id='word_1_234' title='bbox 476 1951 583 2002; x_wconf 87' lang='lat' dir='ltr'>denegare</span> <span class='ocrx_word' id='word_1_235' title='bbox 588 1965 594 1996; x_wconf 66' lang='grc' dir='ltr'><strong><em>ς</em></strong></span> <span class='ocrx_word' id='word_1_236' title='bbox 611 1973 640 1977; x_wconf 90' lang='lat'><strong>—</strong></span> <span class='ocrx_word' id='word_1_237' title='bbox 652 1951 738 1989; x_wconf 87' lang='lat' dir='ltr'>vetitum</span> <span class='ocrx_word' id='word_1_238' title='bbox 751 1963 806 1996; x_wconf 89' lang='lat' dir='ltr'>esse,</span> <span class='ocrx_word' id='word_1_239' title='bbox 817 1950 919 2000; x_wconf 83' lang='lat' dir='ltr'>impedire</span> 
     </span>
     <span class='ocr_line' id='line_1_29' title="bbox 109 2012 918 2063; baseline -0.002 -13"><span class='ocrx_word' id='word_1_240' title='bbox 109 2012 261 2050; x_wconf 86' lang='lat' dir='ltr'>matrimonium</span> <span class='ocrx_word' id='word_1_241' title='bbox 268 2025 379 2062; x_wconf 84' lang='lat' dir='ltr'>personae,</span> <span class='ocrx_word' id='word_1_242' title='bbox 388 2025 448 2063; x_wconf 87' lang='lat' dir='ltr'>quam</span> <span class='ocrx_word' id='word_1_243' title='bbox 456 2026 482 2051; x_wconf 85' lang='lat' dir='ltr'>ex</span> <span class='ocrx_word' id='word_1_244' title='bbox 490 2013 535 2050; x_wconf 91' lang='lat' dir='ltr'>sola</span> <span class='ocrx_word' id='word_1_245' title='bbox 543 2012 676 2051; x_wconf 84' lang='lat' dir='ltr'>confessione</span> <span class='ocrx_word' id='word_1_246' title='bbox 685 2012 918 2062; x_wconf 88' lang='lat' dir='ltr'>constatimpedimento</span> 
     </span>
     <span class='ocr_line' id='line_1_30' title="bbox 108 2073 919 2126; baseline 0 -15"><span class='ocrx_word' id='word_1_247' title='bbox 108 2073 214 2112; x_wconf 88' lang='lat' dir='ltr'>irretitam</span> <span class='ocrx_word' id='word_1_248' title='bbox 226 2086 281 2120; x_wconf 87' lang='lat' dir='ltr'>esse,</span> <span class='ocrx_word' id='word_1_249' title='bbox 293 2086 393 2113; x_wconf 90' lang='lat' dir='ltr'>—suam</span> <span class='ocrx_word' id='word_1_250' title='bbox 406 2075 482 2126; x_wconf 89' lang='lat' dir='ltr'>agendi</span> <span class='ocrx_word' id='word_1_251' title='bbox 493 2074 597 2112; x_wconf 91' lang='lat' dir='ltr'>rationem</span> <span class='ocrx_word' id='word_1_252' title='bbox 609 2087 664 2126; x_wconf 85' lang='lat' dir='ltr'>erga</span> <span class='ocrx_word' id='word_1_253' title='bbox 676 2074 791 2125; x_wconf 87' lang='lat' dir='ltr'>quempiam</span> <span class='ocrx_word' id='word_1_254' title='bbox 800 2075 825 2112; x_wconf 89' lang='lat' dir='ltr'>oh</span> <span class='ocrx_word' id='word_1_255' title='bbox 834 2086 919 2113; x_wconf 88' lang='lat' dir='ltr'>causam</span> 
     </span>
     <span class='ocr_line' id='line_1_31' title="bbox 110 2135 599 2175; baseline 0 -2"><span class='ocrx_word' id='word_1_256' title='bbox 110 2147 136 2173; x_wconf 82' lang='lat' dir='ltr'>ex</span> <span class='ocrx_word' id='word_1_257' title='bbox 148 2136 193 2173; x_wconf 88' lang='lat' dir='ltr'>sola</span> <span class='ocrx_word' id='word_1_258' title='bbox 205 2135 339 2174; x_wconf 85' lang='lat' dir='ltr'>confessione</span> <span class='ocrx_word' id='word_1_259' title='bbox 351 2136 452 2175; x_wconf 81' lang='lat' dir='ltr'>nescitam</span> <span class='ocrx_word' id='word_1_260' title='bbox 463 2142 546 2173; x_wconf 86' lang='lat' dir='ltr'>mutare</span> <span class='ocrx_word' id='word_1_261' title='bbox 559 2142 599 2174; x_wconf 84' lang='lat' dir='ltr'>etc.</span> 
     </span>
    </p>
   </div>
   <div class='ocr_carea' id='block_1_5' title="bbox 417 2254 612 2324">
    <p class='ocr_par' dir='ltr' id='par_1_5' title="bbox 417 2254 612 2324">
     <span class='ocr_line' id='line_1_32' title="bbox 417 2254 612 2324; baseline -0.005 -16"><span class='ocrx_word' id='word_1_262' title='bbox 417 2254 491 2308; x_wconf 81' lang='lat' dir='ltr'>Casus</span> <span class='ocrx_word' id='word_1_263' title='bbox 509 2255 612 2324; x_wconf 88' lang='lat' dir='ltr'>practici.</span> 
     </span>
    </p>
   </div>
   <div class='ocr_carea' id='block_1_6' title="bbox 100 2376 934 2982">
    <p class='ocr_par' dir='ltr' id='par_1_6' title="bbox 100 2376 934 2786">
     <span class='ocr_line' id='line_1_33' title="bbox 187 2376 920 2432; baseline -0.001 -14"><span class='ocrx_word' id='word_1_264' title='bbox 187 2379 205 2432; x_wconf 69' lang='grc' dir='ltr'>ξ.</span> <span class='ocrx_word' id='word_1_265' title='bbox 219 2376 254 2418; x_wconf 80' lang='grc'>63.</span> <span class='ocrx_word' id='word_1_266' title='bbox 269 2376 288 2417; x_wconf 86' lang='lat' dir='ltr'>l.</span> <span class='ocrx_word' id='word_1_267' title='bbox 300 2378 402 2417; x_wconf 87' lang='lat' dir='ltr'>Rusticus</span> <span class='ocrx_word' id='word_1_268' title='bbox 415 2380 534 2424; x_wconf 87' lang='lat' dir='ltr'>confitetur,</span> <span class='ocrx_word' id='word_1_269' title='bbox 547 2392 570 2417; x_wconf 93' lang='lat' dir='ltr'>se</span> <span class='ocrx_word' id='word_1_270' title='bbox 583 2386 631 2418; x_wconf 86' lang='lat' dir='ltr'>ante</span> <span class='ocrx_word' id='word_1_271' title='bbox 644 2386 691 2418; x_wconf 91' lang='lat' dir='ltr'>octo</span> <span class='ocrx_word' id='word_1_272' title='bbox 705 2380 749 2418; x_wconf 87' lang='lat' dir='ltr'>dies</span> <span class='ocrx_word' id='word_1_273' title='bbox 762 2382 842 2431; x_wconf 89' lang='lat' dir='ltr'>aliquos</span> <span class='ocrx_word' id='word_1_274' title='bbox 854 2381 920 2418; x_wconf 89' lang='lat' dir='ltr'>mani-</span> 
     </span>
     <span class='ocr_line' id='line_1_34' title="bbox 111 2440 921 2492; baseline 0.001 -13"><span class='ocrx_word' id='word_1_275' title='bbox 111 2442 169 2492; x_wconf 91' lang='lat' dir='ltr'>pulos</span> <span class='ocrx_word' id='word_1_276' title='bbox 181 2442 201 2479; x_wconf 93' lang='lat' dir='ltr'>in</span> <span class='ocrx_word' id='word_1_277' title='bbox 214 2453 266 2492; x_wconf 88' lang='lat' dir='ltr'>agro</span> <span class='ocrx_word' id='word_1_278' title='bbox 278 2440 370 2478; x_wconf 87' lang='lat' dir='ltr'>furatum</span> <span class='ocrx_word' id='word_1_279' title='bbox 382 2453 438 2486; x_wconf 86' lang='lat' dir='ltr'>esse,</span> <span class='ocrx_word' id='word_1_280' title='bbox 451 2441 502 2479; x_wconf 91' lang='lat' dir='ltr'>etin</span> <span class='ocrx_word' id='word_1_281' title='bbox 515 2441 571 2479; x_wconf 87' lang='lat' dir='ltr'>furto</span> <span class='ocrx_word' id='word_1_282' title='bbox 583 2441 749 2491; x_wconf 91' lang='lat' dir='ltr'>deprehensum,</span> <span class='ocrx_word' id='word_1_283' title='bbox 769 2449 789 2480; x_wconf 95' lang='lat' dir='ltr'>et</span> <span class='ocrx_word' id='word_1_284' title='bbox 800 2442 860 2480; x_wconf 89' lang='lat' dir='ltr'>modo</span> <span class='ocrx_word' id='word_1_285' title='bbox 875 2455 921 2480; x_wconf 88' lang='lat' dir='ltr'>rem</span> 
     </span>
     <span class='ocr_line' id='line_1_35' title="bbox 110 2502 920 2554; baseline 0.001 -14"><span class='ocrx_word' id='word_1_286' title='bbox 110 2503 130 2540; x_wconf 92' lang='lat' dir='ltr'>in</span> <span class='ocrx_word' id='word_1_287' title='bbox 142 2508 186 2541; x_wconf 91' lang='lat' dir='ltr'>toto</span> <span class='ocrx_word' id='word_1_288' title='bbox 198 2515 252 2553; x_wconf 86' lang='lat' dir='ltr'>pago</span> <span class='ocrx_word' id='word_1_289' title='bbox 262 2502 306 2551; x_wconf 90' lang='lat' dir='ltr'>jam</span> <span class='ocrx_word' id='word_1_290' title='bbox 318 2502 452 2554; x_wconf 84' lang='lat' dir='ltr'>divulgatam.</span> <span class='ocrx_word' id='word_1_291' title='bbox 471 2504 502 2540; x_wconf 81' lang='lat' dir='ltr'>An</span> <span class='ocrx_word' id='word_1_292' title='bbox 514 2502 565 2540; x_wconf 87' lang='lat' dir='ltr'>licet</span> <span class='ocrx_word' id='word_1_293' title='bbox 576 2502 675 2553; x_wconf 81' lang='lat' dir='ltr'>parocho,</span> <span class='ocrx_word' id='word_1_294' title='bbox 694 2503 728 2552; x_wconf 92' lang='lat' dir='ltr'>qui</span> <span class='ocrx_word' id='word_1_295' title='bbox 740 2503 765 2540; x_wconf 94' lang='lat' dir='ltr'>de</span> <span class='ocrx_word' id='word_1_296' title='bbox 777 2505 832 2541; x_wconf 90' lang='lat' dir='ltr'>furto</span> <span class='ocrx_word' id='word_1_297' title='bbox 844 2503 920 2542; x_wconf 91' lang='lat' dir='ltr'>hucus-</span> 
     </span>
     <span class='ocr_line' id='line_1_36' title="bbox 112 2564 921 2615; baseline 0.001 -14"><span class='ocrx_word' id='word_1_298' title='bbox 112 2576 151 2614; x_wconf 89' lang='lat' dir='ltr'>que</span> <span class='ocrx_word' id='word_1_299' title='bbox 169 2564 220 2602; x_wconf 91' lang='lat' dir='ltr'>nihil</span> <span class='ocrx_word' id='word_1_300' title='bbox 232 2564 316 2609; x_wconf 86' lang='lat' dir='ltr'>andivit,</span> <span class='ocrx_word' id='word_1_301' title='bbox 329 2576 375 2602; x_wconf 88' lang='lat' dir='ltr'>cum</span> <span class='ocrx_word' id='word_1_302' title='bbox 388 2564 434 2602; x_wconf 88' lang='lat' dir='ltr'>aliis</span> <span class='ocrx_word' id='word_1_303' title='bbox 446 2565 536 2613; x_wconf 85' lang='lat' dir='ltr'>desuper</span> <span class='ocrx_word' id='word_1_304' title='bbox 550 2565 607 2615; x_wconf 90' lang='lat' dir='ltr'>loqui</span> <span class='ocrx_word' id='word_1_305' title='bbox 617 2564 722 2614; x_wconf 86' lang='lat' dir='ltr'>incipere,</span> <span class='ocrx_word' id='word_1_306' title='bbox 736 2570 771 2603; x_wconf 87' lang='lat' dir='ltr'>aut</span> <span class='ocrx_word' id='word_1_307' title='bbox 782 2566 833 2603; x_wconf 91' lang='lat' dir='ltr'>illud</span> <span class='ocrx_word' id='word_1_308' title='bbox 846 2565 921 2603; x_wconf 87' lang='lat' dir='ltr'>confir·</span> 
     </span>
     <span class='ocr_line' id='line_1_37' title="bbox 110 2625 934 2678; baseline -0.001 -17"><span class='ocrx_word' id='word_1_309' title='bbox 110 2629 184 2664; x_wconf 75' lang='lat' dir='ltr'>mare?</span> <span class='ocrx_word' id='word_1_310' title='bbox 200 2627 224 2663; x_wconf 87' lang='lat' dir='ltr'>R.</span> <span class='ocrx_word' id='word_1_311' title='bbox 241 2625 338 2663; x_wconf 84' lang='lat' dir='ltr'>Violaret</span> <span class='ocrx_word' id='word_1_312' title='bbox 357 2626 460 2677; x_wconf 89' lang='lat' dir='ltr'>sigillum,</span> <span class='ocrx_word' id='word_1_313' title='bbox 485 2632 506 2663; x_wconf 91' lang='lat' dir='ltr'>et</span> <span class='ocrx_word' id='word_1_314' title='bbox 524 2625 543 2662; x_wconf 93' lang='lat' dir='ltr'>si</span> <span class='ocrx_word' id='word_1_315' title='bbox 565 2626 713 2678; x_wconf 87' lang='lat' dir='ltr'>detegeretur,</span> <span class='ocrx_word' id='word_1_316' title='bbox 731 2626 789 2664; x_wconf 90' lang='lat' dir='ltr'>illurn</span> <span class='ocrx_word' id='word_1_317' title='bbox 808 2626 881 2664; x_wconf 88' lang='lat' dir='ltr'>notitia</span> <span class='ocrx_word' id='word_1_318' title='bbox 896 2638 934 2664; x_wconf 62' lang='lat' dir='ltr'>en⁴</span> 
     </span>
     <span class='ocr_line' id='line_1_38' title="bbox 111 2686 922 2733; baseline 0.001 -10"><span class='ocrx_word' id='word_1_319' title='bbox 111 2686 371 2733; x_wconf 82' lang='lat' dir='ltr'>confessionehaustauti,</span> <span class='ocrx_word' id='word_1_320' title='bbox 383 2687 538 2726; x_wconf 81' lang='lat' dir='ltr'>scandalizaret</span> <span class='ocrx_word' id='word_1_321' title='bbox 549 2687 609 2733; x_wconf 89' lang='lat' dir='ltr'>alios,</span> <span class='ocrx_word' id='word_1_322' title='bbox 621 2694 642 2726; x_wconf 95' lang='lat' dir='ltr'>et</span> <span class='ocrx_word' id='word_1_323' title='bbox 654 2687 816 2726; x_wconf 81' lang='lat' dir='ltr'>Sacramentum</span> <span class='ocrx_word' id='word_1_324' title='bbox 823 2688 922 2726; x_wconf 87' lang='lat' dir='ltr'>redderet</span> 
     </span>
     <span class='ocr_line' id='line_1_39' title="bbox 100 2746 212 2786; baseline 0.036 -4"><span class='ocrx_word' id='word_1_325' title='bbox 100 2746 212 2786; x_wconf 83' lang='lat' dir='ltr'>odiosum.</span> 
     </span>
    </p>

    <p class='ocr_par' dir='ltr' id='par_1_7' title="bbox 113 2806 921 2982">
     <span class='ocr_line' id='line_1_40' title="bbox 189 2806 920 2860; baseline -0.003 -14"><span class='ocrx_word' id='word_1_326' title='bbox 189 2806 209 2847; x_wconf 81' lang='grc'>2.</span> <span class='ocrx_word' id='word_1_327' title='bbox 229 2809 379 2848; x_wconf 77' lang='lat' dir='ltr'>Confessarius</span> <span class='ocrx_word' id='word_1_328' title='bbox 399 2823 424 2848; x_wconf 85' lang='lat' dir='ltr'>ex</span> <span class='ocrx_word' id='word_1_329' title='bbox 439 2811 484 2847; x_wconf 90' lang='lat' dir='ltr'>sola</span> <span class='ocrx_word' id='word_1_330' title='bbox 503 2810 637 2847; x_wconf 90' lang='lat' dir='ltr'>confessione</span> <span class='ocrx_word' id='word_1_331' title='bbox 659 2810 755 2848; x_wconf 89' lang='lat' dir='ltr'>resciens</span> <span class='ocrx_word' id='word_1_332' title='bbox 775 2816 863 2860; x_wconf 89' lang='lat' dir='ltr'>peccata</span> <span class='ocrx_word' id='word_1_333' title='bbox 877 2808 920 2852; x_wconf 89' lang='lat' dir='ltr'>filii,</span> 
     </span>
     <span class='ocr_line' id='line_1_41' title="bbox 113 2868 921 2917; baseline 0.001 -14"><span class='ocrx_word' id='word_1_334' title='bbox 113 2874 212 2915; x_wconf 88' lang='lat' dir='ltr'>parentes</span> <span class='ocrx_word' id='word_1_335' title='bbox 230 2870 357 2917; x_wconf 88' lang='lat' dir='ltr'>poenitentis</span> <span class='ocrx_word' id='word_1_336' title='bbox 373 2871 405 2908; x_wconf 90' lang='lat' dir='ltr'>sni</span> <span class='ocrx_word' id='word_1_337' title='bbox 420 2877 500 2914; x_wconf 84' lang='lat' dir='ltr'>monet,</span> <span class='ocrx_word' id='word_1_338' title='bbox 518 2876 541 2907; x_wconf 89' lang='lat' dir='ltr'>ut</span> <span class='ocrx_word' id='word_1_339' title='bbox 556 2871 649 2908; x_wconf 83' lang='lat' dir='ltr'>moribus</span> <span class='ocrx_word' id='word_1_340' title='bbox 663 2871 700 2908; x_wconf 87' lang='lat' dir='ltr'>filii</span> <span class='ocrx_word' id='word_1_341' title='bbox 716 2871 774 2909; x_wconf 88' lang='lat' dir='ltr'>circa</span> <span class='ocrx_word' id='word_1_342' title='bbox 789 2871 827 2907; x_wconf 92' lang='lat' dir='ltr'>hoc</span> <span class='ocrx_word' id='word_1_343' title='bbox 845 2868 921 2905; x_wconf 87' lang='lat' dir='ltr'>illudve</span> 
     </span>
     <span class='ocr_line' id='line_1_42' title="bbox 113 2930 874 2982; baseline 0 -17"><span class='ocrx_word' id='word_1_344' title='bbox 113 2934 222 2977; x_wconf 86' lang='lat' dir='ltr'>peccatum</span> <span class='ocrx_word' id='word_1_345' title='bbox 235 2930 303 2980; x_wconf 84' lang='lat' dir='ltr'>magis</span> <span class='ocrx_word' id='word_1_346' title='bbox 315 2930 432 2982; x_wconf 88' lang='lat' dir='ltr'>invigilent.</span> <span class='ocrx_word' id='word_1_347' title='bbox 445 2931 639 2969; x_wconf 53' lang='lat' dir='ltr'>Haec‘sine&#39;duhio</span> <span class='ocrx_word' id='word_1_348' title='bbox 648 2931 713 2982; x_wconf 88' lang='lat' dir='ltr'>sigilli</span> <span class='ocrx_word' id='word_1_349' title='bbox 725 2932 800 2968; x_wconf 89' lang='lat' dir='ltr'>fractio</span> <span class='ocrx_word' id='word_1_350' title='bbox 812 2930 874 2966; x_wconf 63' lang='lat' dir='ltr'>foret,</span> 
     </span>
    </p>
   </div>
   <div class='ocr_carea' id='block_1_7' title="bbox 0 0 1028 3193">
    <p class='ocr_par' dir='ltr' id='par_1_8' title="bbox 0 0 1028 3193">
     <span class='ocr_line' id='line_1_43' title="bbox 0 0 1028 3193; baseline 0 0"><span class='ocrx_word' id='word_1_351' title='bbox 0 0 1028 3193; x_wconf 95' lang='lat' dir='ltr'> </span> 
     </span>
    </p>
   </div>
  </div>
 </body>
</html>
