2017 3193
850 65 895 107 233

90 183 127 233 sit,
150 196 201 238 quae
219 180 244 221 ad
261 179 317 221 vitae
336 194 412 235 genus,
424 181 460 233 ad
479 180 531 234 quod
550 187 636 221 vocatus
655 186 701 228 est,
724 177 828 232 imprimis
846 184 895 218 suut

90 258 231 288 necessariae.

162 308 220 343 Inter
231 306 331 349 virtutes,
350 319 400 354 quae
414 307 438 342 ad
450 305 540 342 officium
552 313 573 342 et
585 318 657 342 munus
675 312 769 342 nostrum
781 304 894 352 particula-

90 369 142 405 riter
154 376 193 401 non
206 369 313 413 spectant,
331 377 367 402 eae
380 371 428 401 sunt
439 363 603 413 praeferendae,
621 375 671 412 quae
684 365 729 400 aliis
742 370 791 401 sunt
802 362 894 410 majores

79 431 110 468 'et
128 424 299 472 excellentiores,
318 438 357 465 non
377 430 445 464 autem
465 434 516 476 quae
534 435 584 475 prae
597 423 644 461 aliie
655 424 712 462 uelut
723 424 834 477 digniores
845 422 894 462 emi-

90 498 144 532 nent.
163 489 260 529 Comatae
273 497 294 529 ut
305 491 414 542 plurinmm
427 488 475 527 aliis
488 487 555 526 stellis
571 486 661 536 majores
680 496 789 538 apparent,
808 496 829 528 et
847 488 894 540 plus

89 553 130 590 loci
141 553 206 589 oculis
219 553 297 588 nostris
310 552 417 589 continere
429 550 533 593 videntur,
551 562 598 586 cum
617 549 662 585 aliis
677 556 746 585 tamen
758 551 837 594 stellis,
854 563 893 588 nec

89 610 154 659 quoad
166 610 338 660 magnitudinem,
352 620 389 645 nec
402 608 468 657 quoad
481 608 601 655 qualitatem
614 612 634 642 et
645 614 740 643 naturam
753 614 800 643 sunt
812 620 892 655 compa-

90 669 147 708 randi
155 684 161 716 3
179 676 198 708 et
216 682 254 708 non
274 669 314 707 alia
329 669 353 706 de
366 679 430 705 causa
441 666 538 704 videntur
551 666 631 719 magni,
649 679 709 717 quam
722 666 774 716 quod
787 679 836 715 prae
849 667 894 704 aliis

90 733 157 774 stellis
176 734 234 774 nobis
253 739 301 773 sunt
320 730 444 778 viciniores,
464 729 521 770 etin
540 729 629 770 materia
648 736 669 770 et
687 728 781 780 subjecto
794 728 895 769 crassiori

89 797 201 835 constituti.
219 798 256 835 Sic
269 796 331 833 etiam
344 795 443 844 quaedam
455 795 545 832 virtutes
558 800 616 838 sunt,
635 807 698 844 quae,
714 793 761 843 quia
773 793 832 831 nobis
843 793 894 831 vici-

89 869 136 899 nae,
150 857 260 892 sensibiles
273 860 294 890 et
306 855 336 900 [si
348 854 419 890 dicere
431 854 463 890 fas
475 854 523 898 sit),
544 854 663 890 materiales
675 860 733 896 sunt,
752 852 799 889 hinc
812 865 895 899 semper

89 928 100 953 a
111 915 184 964 populo
198 913 341 964 magnificant,
360 918 381 948 et
399 912 444 949 aliis
463 912 571 962 digniores
591 918 710 949 censentur.
727 911 782 948 Hinc
798 912 895 960 estquod

89 977 164 1032 vulgus
183 974 320 1017 communiter
339 973 492 1026 eleemosynam
509 973 644 1026 temporalem
667 972 771 1026 spirituali
788 971 882 1025 praefert
888 987 895 1021 3

88 1041 185 1086 cilicium,
199 1039 308 1090 jejunium,
326 1045 346 1076 et
359 1039 530 1078 mortificationes
543 1038 639 1088 corporis
650 1037 786 1090 benignitati,
799 1050 894 1076 mansue·

88 1103 163 1145 tudini,
183 1101 296 1138 modestiae
309 1107 329 1136 et
341 1100 387 1136 aliis
401 1100 464 1136 animi
475 1100 682 1142 mortificationibus,
701 1111 753 1147 quae
765 1106 833 1135 tamen
845 1106 895 1136 sunt

88 1162 151 1209 longo
164 1158 325 1196 excellentiores
338 1164 359 1194 et
369 1158 544 1205 praestantiores.
561 1158 662 1194 Meliores
675 1158 745 1205 itaque
757 1158 846 1193 virtutes
859 1157 895 1193 tibi

89 1219 166 1272 selige,
179 1231 218 1257 non
230 1230 281 1255 vero
293 1230 339 1263 eas,
353 1229 404 1269 quac
415 1217 481 1269 pluris
494 1217 518 1254 ab
531 1217 576 1255 aliis
589 1217 651 1263 fiunt,
669 1217 841 1261 excellentiores,
859 1217 895 1254 sed

89 1297 128 1323 non
141 1283 209 1337 magis
221 1289 356 1334 apparentes,
373 1281 551 1333 praestantiores,
569 1281 605 1321 sed
625 1295 664 1321 non
683 1294 734 1333 quae
755 1282 800 1333 plus
813 1279 895 1334 gloriae

89 1347 171 1396 pariunt
190 1345 214 1394 ¹).

248 1461 268 1513 9.
289 1459 435 1528 frequentior
455 1459 651 1512 Sacrameolomm
672 1475 736 1512 ostis.

163 1589 180 1643 ξ.
195 1587 243 1630 161.
257 1589 406 1628 Oonfessarius
418 1589 568 1640 poenitentem,
585 1590 603 1627 si
615 1590 730 1640 proficuum
742 1591 809 1628 visum
822 1589 895 1634 fucrit,

90 1659 181 1695 moneat,
200 1659 223 1689 ut
240 1651 323 1699 saepius
342 1664 401 1700 quam
414 1652 520 1700 hucusque
533 1652 557 1689 ad
570 1653 710 1690 Sacramenta
721 1652 864 1689 Poenitentiac
876 1658 897 1689 ct

89 1711 234 1748 Eucharistiae
247 1712 343 1752 accedat,
356 1723 395 1757 quo
408 1711 491 1759 gratiae
504 1711 595 1754 divinae,
612 1712 695 1758 quaein
707 1711 766 1747 nobis
778 1712 842 1747 vitam
855 1712 895 1758 spi·

90 1770 184 1807 ritualem
197 1774 303 1818 operatur,
316 1768 404 1806 animum
417 1768 504 1818 aperiat.
522 1769 630 1806 Nonnullis
643 1769 796 1819 poenitentibus
808 1769 896 1820 injungi,

89 1840 109 1874 ct
127 1845 227 1886 expresse
249 1844 300 1885 opus
323 1830 487 1873 satisfactorium
509 1830 586 1886 imponi
607 1831 678 1881 debet,
705 1838 726 1873 ut
745 1845 791 1873 mox
809 1831 895 1880 iterum,

89 1898 187 1936 fortassis
200 1897 261 1935 etiam
273 1898 357 1947 saepius
370 1898 522 1935 confessionem
534 1904 643 1949 peragant.
662 1897 761 1946 Quoniam
774 1905 841 1935 autem
854 1897 896 1936 fre-

90 1959 185 2008 quentior
197 1959 383 1996 Sacrameutorum
396 1971 446 1996 usus
458 1971 493 1995 res
513 1966 545 1996 est
563 1959 637 1996 summi
656 1959 763 2004 momenti,
783 1959 896 1997 remedium

89 2024 223 2065 peccatorum
242 2024 263 2052 et
274 2018 389 2053 subsidium
406 2018 491 2053 virtutis
510 2018 693 2060 efficacissimum,
713 2031 789 2065 operae
808 2019 897 2065 pretium

90 2076 140 2120 erit,
159 2075 225 2125 primo
244 2075 268 2113 de
287 2075 391 2127 frequenti
403 2075 557 2122 Poenitcntiae,
577 2076 623 2114 dein
642 2076 665 2114 de
685 2076 790 2127 frequenti
808 2076 896 2114 sanctis·

89 2140 153 2181 sirnae
165 2139 312 2181 Eucharistiae
325 2140 369 2180 sire
382 2139 537 2181 (ionummionis
557 2154 607 2189 usu,
627 2141 651 2182 ad
670 2140 848 2182 confessariorum
866 2139 895 2181 in-

90 2205 237 2248 structionem,
251 2217 317 2253 pauca
328 2204 427 2254 quaedam
441 2206 554 2243 observatu
566 2206 629 2256 digna
641 2207 738 2243 delibare.

310 2325 335 2385 a)
356 2320 496 2371 Sacrarocuti
513 2321 674 2372 Poenitcntiae.

163 2444 180 2503 ξ,
196 2442 245 2489 162.
258 2444 330 2498 Qualis
343 2451 363 2486 et
374 2451 451 2499 quanta
466 2444 493 2486 sit
508 2444 587 2486 utilitas
600 2444 734 2487 Sacramcnti
745 2445 897 2495 Paenitentiae,

90 2513 214 2561 praesertim
227 2512 245 2549 si
257 2511 302 2562 quis
315 2512 382 2549 virum
394 2512 481 2561 probum
493 2517 514 2549 et
525 2512 647 2562 prudentem
659 2512 679 2550 in
693 2513 846 2551 confessarimn
854 2519 896 2551 sta-

90 2573 151 2609 bilem
163 2574 203 2611 sibi
215 2573 315 2623 elegerit,
328 2585 353 2609 ex
364 2573 402 2616 iis,
416 2585 467 2622 quae
479 2570 498 2624 ξ,
511 2569 531 2610 6,,
545 2573 640 2617 diximus,
658 2574 735 2622 liquido
748 2581 837 2611 constat.
856 2574 898 2611 Sed

90 2637 111 2666 et
127 2644 177 2668 usus
195 2633 256 2679 hujus
269 2633 402 2670 Sacramenti
420 2633 519 2680 frequens
534 2645 665 2679 summopere
678 2634 820 2670 commendari
832 2647 898 2670 mere·

90 2693 137 2731 tur,
161 2695 230 2740 utpote
249 2702 287 2741 quo
306 2691 379 2728 fideles
398 2697 444 2739 post
461 2690 591 2739 Baptismum
609 2691 674 2740 lapsi,
697 2703 736 2728 non
754 2698 834 2729 tantum
852 2693 897 2728 Deo

91 2749 261 2803 reconciliantur,
281 2752 317 2795 sed
336 2752 397 2794 etiam
416 2758 490 2795 contra
508 2752 605 2807 relapsus
620 2751 752 2795 imminentes
771 2752 896 2808 praemuniri

90 2837 284 2846 a

115 2888 130 2926 ¹)
140 2885 161 2918 S.
170 2887 238 2919 ruane.
249 2889 289 2922 Sal.
300 2892 404 2924 Introduct.
414 2893 437 2925 ad
447 2892 507 2924 vitam
517 2891 613 2924 termam.
622 2893 644 2924 P.
653 2893 686 2924 lll.
697 2901 738 2935 cap.
751 2894 766 2925 l.
