<?xml version="1.0" encoding="UTF-8"?>
<!DOCTYPE html PUBLIC "-//W3C//DTD XHTML 1.0 Transitional//EN"
    "http://www.w3.org/TR/xhtml1/DTD/xhtml1-transitional.dtd">
<html xmlns="http://www.w3.org/1999/xhtml" xml:lang="en" lang="en">
 <head>
  <title>
</title>
<meta http-equiv="Content-Type" content="text/html;charset=utf-8" />
  <meta name='ocr-system' content='tesseract 3.04.00' />
  <meta name='ocr-capabilities' content='ocr_page ocr_carea ocr_par ocr_line ocrx_word'/>
</head>
<body>
  <div class='ocr_page' id='page_1' title='image "MN42038ucmf_0_0267.png"; bbox 0 0 2017 3193; ppageno 0'>
   <div class='ocr_carea' id='block_1_1' title="bbox 847 92 892 138">
    <p class='ocr_par' dir='ltr' id='par_1_1' title="bbox 847 92 892 138">
     <span class='ocr_line' id='line_1_1' title="bbox 847 92 892 138; baseline 0 0"><span class='ocrx_word' id='word_1_1' title='bbox 847 92 892 138; x_wconf 77' lang='lat'>225</span> 
     </span>
    </p>
   </div>
   <div class='ocr_carea' id='block_1_2' title="bbox 82 209 895 1975">
    <p class='ocr_par' dir='ltr' id='par_1_2' title="bbox 85 209 893 931">
     <span class='ocr_line' id='line_1_2' title="bbox 87 209 893 261; baseline -0.004 -12"><span class='ocrx_word' id='word_1_2' title='bbox 87 214 148 251; x_wconf 85' lang='lat' dir='ltr'>ctiam</span> <span class='ocrx_word' id='word_1_3' title='bbox 163 216 255 255; x_wconf 88' lang='lat' dir='ltr'>constat,</span> <span class='ocrx_word' id='word_1_4' title='bbox 275 216 408 260; x_wconf 75' lang='lat' dir='ltr'><strong>peccatores,</strong></span> <span class='ocrx_word' id='word_1_5' title='bbox 427 218 534 261; x_wconf 81' lang='lat' dir='ltr'>postquam</span> <span class='ocrx_word' id='word_1_6' title='bbox 555 213 578 250; x_wconf 92' lang='lat' dir='ltr'>ad</span> <span class='ocrx_word' id='word_1_7' title='bbox 595 212 695 251; x_wconf 74' lang='lat' dir='ltr'>Orucifixi</span> <span class='ocrx_word' id='word_1_8' title='bbox 709 211 775 261; x_wconf 87' lang='lat' dir='ltr'>pcdes</span> <span class='ocrx_word' id='word_1_9' title='bbox 790 209 893 259; x_wconf 82' lang='lat' dir='ltr'>prostrati</span> 
     </span>
     <span class='ocr_line' id='line_1_3' title="bbox 86 269 892 322; baseline -0.004 -13"><span class='ocrx_word' id='word_1_10' title='bbox 86 273 164 322; x_wconf 83' lang='lat' dir='ltr'>aliquot</span> <span class='ocrx_word' id='word_1_11' title='bbox 181 270 261 307; x_wconf 91' lang='lat' dir='ltr'>dierum</span> <span class='ocrx_word' id='word_1_12' title='bbox 285 269 409 317; x_wconf 83' lang='lat' dir='ltr'>intervallo,</span> <span class='ocrx_word' id='word_1_13' title='bbox 431 282 468 319; x_wconf 88' lang='lat' dir='ltr'>per</span> <span class='ocrx_word' id='word_1_14' title='bbox 486 272 618 308; x_wconf 85' lang='lat' dir='ltr'>Redemtoris</span> <span class='ocrx_word' id='word_1_15' title='bbox 636 273 689 309; x_wconf 89' lang='lat' dir='ltr'>Jesu</span> <span class='ocrx_word' id='word_1_16' title='bbox 708 270 788 309; x_wconf 77' lang='lat' dir='ltr'>Christi</span> <span class='ocrx_word' id='word_1_17' title='bbox 805 269 892 314; x_wconf 89' lang='lat' dir='ltr'>merita,</span> 
     </span>
     <span class='ocr_line' id='line_1_4' title="bbox 85 328 892 378; baseline -0.004 -9"><span class='ocrx_word' id='word_1_18' title='bbox 85 332 152 369; x_wconf 87' lang='lat' dir='ltr'>Deum</span> <span class='ocrx_word' id='word_1_19' title='bbox 165 329 270 378; x_wconf 87' lang='lat' dir='ltr'>Optimum</span> <span class='ocrx_word' id='word_1_20' title='bbox 277 330 389 369; x_wconf 77' lang='lat' dir='ltr'>lllaximum</span> <span class='ocrx_word' id='word_1_21' title='bbox 402 330 462 368; x_wconf 83' lang='lat' dir='ltr'>enixe</span> <span class='ocrx_word' id='word_1_22' title='bbox 475 329 581 378; x_wconf 87' lang='lat' dir='ltr'>deprecati</span> <span class='ocrx_word' id='word_1_23' title='bbox 592 331 683 375; x_wconf 84' lang='lat' dir='ltr'>fuerunt,</span> <span class='ocrx_word' id='word_1_24' title='bbox 696 331 806 369; x_wconf 83' lang='lat' dir='ltr'>exauditos</span> <span class='ocrx_word' id='word_1_25' title='bbox 818 328 892 374; x_wconf 88' lang='lat' dir='ltr'>fuisse,</span> 
     </span>
     <span class='ocr_line' id='line_1_5' title="bbox 86 389 892 441; baseline -0.002 -12"><span class='ocrx_word' id='word_1_26' title='bbox 86 397 107 429; x_wconf 88' lang='lat' dir='ltr'>ct</span> <span class='ocrx_word' id='word_1_27' title='bbox 122 397 218 440; x_wconf 87' lang='lat' dir='ltr'>tanquam</span> <span class='ocrx_word' id='word_1_28' title='bbox 235 402 245 426; x_wconf 91' lang='lat' dir='ltr'>e</span> <span class='ocrx_word' id='word_1_29' title='bbox 265 402 328 429; x_wconf 88' lang='lat' dir='ltr'>coeno</span> <span class='ocrx_word' id='word_1_30' title='bbox 343 392 441 429; x_wconf 82' lang='lat' dir='ltr'>vitiorum</span> <span class='ocrx_word' id='word_1_31' title='bbox 458 389 578 426; x_wconf 84' lang='lat' dir='ltr'>emersisse.</span> <span class='ocrx_word' id='word_1_32' title='bbox 601 390 681 426; x_wconf 86' lang='lat' dir='ltr'>Verum</span> <span class='ocrx_word' id='word_1_33' title='bbox 699 403 739 428; x_wconf 90' lang='lat' dir='ltr'>non</span> <span class='ocrx_word' id='word_1_34' title='bbox 756 395 892 441; x_wconf 85' lang='lat' dir='ltr'>peccatorum</span> 
     </span>
     <span class='ocr_line' id='line_1_6' title="bbox 86 449 892 502; baseline -0.004 -12"><span class='ocrx_word' id='word_1_35' title='bbox 86 452 192 497; x_wconf 81' lang='lat' dir='ltr'>duntaxat,</span> <span class='ocrx_word' id='word_1_36' title='bbox 205 451 241 489; x_wconf 89' lang='lat' dir='ltr'>sed</span> <span class='ocrx_word' id='word_1_37' title='bbox 253 458 274 490; x_wconf 88' lang='lat' dir='ltr'>et</span> <span class='ocrx_word' id='word_1_38' title='bbox 281 451 387 502; x_wconf 88' lang='lat' dir='ltr'>justorum</span> <span class='ocrx_word' id='word_1_39' title='bbox 400 451 519 490; x_wconf 83' lang='lat' dir='ltr'>Advocatus</span> <span class='ocrx_word' id='word_1_40' title='bbox 532 456 565 487; x_wconf 90' lang='lat' dir='ltr'>cst</span> <span class='ocrx_word' id='word_1_41' title='bbox 576 456 597 488; x_wconf 89' lang='lat' dir='ltr'>et</span> <span class='ocrx_word' id='word_1_42' title='bbox 608 449 711 487; x_wconf 85' lang='lat' dir='ltr'>Mediator</span> <span class='ocrx_word' id='word_1_43' title='bbox 718 450 783 489; x_wconf 87' lang='lat' dir='ltr'>Jesus</span> <span class='ocrx_word' id='word_1_44' title='bbox 793 450 892 489; x_wconf 73' lang='lat' dir='ltr'>Christus</span> 
     </span>
     <span class='ocr_line' id='line_1_7' title="bbox 87 511 891 567; baseline -0.001 -14"><span class='ocrx_word' id='word_1_45' title='bbox 87 516 106 554; x_wconf 91' lang='lat' dir='ltr'>in</span> <span class='ocrx_word' id='word_1_46' title='bbox 123 520 216 554; x_wconf 87' lang='lat' dir='ltr'>assumta</span> <span class='ocrx_word' id='word_1_47' title='bbox 232 513 358 555; x_wconf 78' lang='lat' dir='ltr'><strong>humanitate</strong></span> <span class='ocrx_word' id='word_1_48' title='bbox 376 514 428 567; x_wconf 91' lang='lat' dir='ltr'>apud</span> <span class='ocrx_word' id='word_1_49' title='bbox 443 515 510 553; x_wconf 89' lang='lat' dir='ltr'>Deum</span> <span class='ocrx_word' id='word_1_50' title='bbox 522 513 614 552; x_wconf 85' lang='lat' dir='ltr'>Patrem.</span> <span class='ocrx_word' id='word_1_51' title='bbox 638 511 698 552; x_wconf 82' lang='lat' dir='ltr'>Sicut</span> <span class='ocrx_word' id='word_1_52' title='bbox 717 514 769 553; x_wconf 85' lang='lat' dir='ltr'>enim</span> <span class='ocrx_word' id='word_1_53' title='bbox 788 514 848 562; x_wconf 81' lang='lat' dir='ltr'>dixit,</span> <span class='ocrx_word' id='word_1_54' title='bbox 868 525 891 552; x_wconf 92' lang='lat' dir='ltr'>se</span> 
     </span>
     <span class='ocr_line' id='line_1_8' title="bbox 86 577 891 630; baseline 0 -14"><span class='ocrx_word' id='word_1_55' title='bbox 86 578 169 617; x_wconf 87' lang='lat' dir='ltr'>venisse</span> <span class='ocrx_word' id='word_1_56' title='bbox 183 591 256 618; x_wconf 88' lang='lat' dir='ltr'>vocare</span> <span class='ocrx_word' id='word_1_57' title='bbox 269 586 393 630; x_wconf 78' lang='lat' dir='ltr'>peccatores</span> <span class='ocrx_word' id='word_1_58' title='bbox 406 578 430 616; x_wconf 88' lang='lat' dir='ltr'>ad</span> <span class='ocrx_word' id='word_1_59' title='bbox 442 577 601 628; x_wconf 87' lang='lat' dir='ltr'>poenitentiam,</span> <span class='ocrx_word' id='word_1_60' title='bbox 621 581 651 623; x_wconf 85' lang='lat' dir='ltr'>ct,</span> <span class='ocrx_word' id='word_1_61' title='bbox 668 582 690 614; x_wconf 92' lang='lat' dir='ltr'>ut</span> <span class='ocrx_word' id='word_1_62' title='bbox 701 588 738 627; x_wconf 87' lang='lat' dir='ltr'>per</span> <span class='ocrx_word' id='word_1_63' title='bbox 749 577 816 626; x_wconf 90' lang='lat' dir='ltr'>ipsum</span> <span class='ocrx_word' id='word_1_64' title='bbox 828 578 891 616; x_wconf 83' lang='lat' dir='ltr'>vitam</span> 
     </span>
     <span class='ocr_line' id='line_1_9' title="bbox 86 638 890 686; baseline 0.001 -9"><span class='ocrx_word' id='word_1_65' title='bbox 86 640 198 684; x_wconf 88' lang='lat' dir='ltr'>haherent,</span> <span class='ocrx_word' id='word_1_66' title='bbox 216 642 244 678; x_wconf 86' lang='lat' dir='ltr'>ita</span> <span class='ocrx_word' id='word_1_67' title='bbox 263 648 282 678; x_wconf 87' lang='lat' dir='ltr'>et</span> <span class='ocrx_word' id='word_1_68' title='bbox 301 642 339 686; x_wconf 86' lang='lat' dir='ltr'>ait,</span> <span class='ocrx_word' id='word_1_69' title='bbox 357 653 379 677; x_wconf 89' lang='lat' dir='ltr'>se</span> <span class='ocrx_word' id='word_1_70' title='bbox 398 639 492 684; x_wconf 86' lang='lat' dir='ltr'>venisse,</span> <span class='ocrx_word' id='word_1_71' title='bbox 511 645 533 677; x_wconf 93' lang='lat' dir='ltr'>ut</span> <span class='ocrx_word' id='word_1_72' title='bbox 550 638 687 677; x_wconf 88' lang='lat' dir='ltr'>abundantius</span> <span class='ocrx_word' id='word_1_73' title='bbox 705 638 768 676; x_wconf 89' lang='lat' dir='ltr'>vitam</span> <span class='ocrx_word' id='word_1_74' title='bbox 784 638 890 678; x_wconf 88' lang='lat' dir='ltr'>haberent.</span> 
     </span>
     <span class='ocr_line' id='line_1_10' title="bbox 85 699 890 746; baseline -0.001 -10"><span class='ocrx_word' id='word_1_75' title='bbox 85 701 112 737; x_wconf 83' lang='lat' dir='ltr'>Et</span> <span class='ocrx_word' id='word_1_76' title='bbox 130 699 181 738; x_wconf 89' lang='lat' dir='ltr'>haec</span> <span class='ocrx_word' id='word_1_77' title='bbox 200 702 253 739; x_wconf 88' lang='lat' dir='ltr'>ratio</span> <span class='ocrx_word' id='word_1_78' title='bbox 272 708 315 746; x_wconf 85' lang='lat' dir='ltr'>est,</span> <span class='ocrx_word' id='word_1_79' title='bbox 335 712 372 737; x_wconf 93' lang='lat' dir='ltr'>cur</span> <span class='ocrx_word' id='word_1_80' title='bbox 391 707 463 737; x_wconf 90' lang='lat' dir='ltr'>sancta</span> <span class='ocrx_word' id='word_1_81' title='bbox 480 700 550 737; x_wconf 83' lang='lat' dir='ltr'>Mater</span> <span class='ocrx_word' id='word_1_82' title='bbox 567 699 666 737; x_wconf 79' lang='lat' dir='ltr'>Ecclesia</span> <span class='ocrx_word' id='word_1_83' title='bbox 684 699 790 736; x_wconf 86' lang='lat' dir='ltr'>orationes</span> <span class='ocrx_word' id='word_1_84' title='bbox 809 711 890 744; x_wconf 85' lang='lat' dir='ltr'>omnes,</span> 
     </span>
     <span class='ocr_line' id='line_1_11' title="bbox 86 759 892 808; baseline -0.002 -12"><span class='ocrx_word' id='word_1_85' title='bbox 86 771 137 808; x_wconf 87' lang='lat' dir='ltr'>quas</span> <span class='ocrx_word' id='word_1_86' title='bbox 154 761 198 797; x_wconf 86' lang='lat' dir='ltr'>Dee</span> <span class='ocrx_word' id='word_1_87' title='bbox 217 761 293 803; x_wconf 89' lang='lat' dir='ltr'>fundit,</span> <span class='ocrx_word' id='word_1_88' title='bbox 312 760 350 796; x_wconf 84' lang='lat' dir='ltr'>hac</span> <span class='ocrx_word' id='word_1_89' title='bbox 369 760 458 796; x_wconf 90' lang='lat' dir='ltr'>formula</span> <span class='ocrx_word' id='word_1_90' title='bbox 473 759 597 796; x_wconf 77' lang='lat' dir='ltr'>concludere</span> <span class='ocrx_word' id='word_1_91' title='bbox 615 759 692 796; x_wconf 85' lang='lat' dir='ltr'>soleat:</span> <span class='ocrx_word' id='word_1_92' title='bbox 715 759 770 796; x_wconf 74' lang='lat' dir='ltr'>„Per</span> <span class='ocrx_word' id='word_1_93' title='bbox 782 759 892 795; x_wconf 89' lang='lat' dir='ltr'>Dominum</span> 
     </span>
     <span class='ocr_line' id='line_1_12' title="bbox 87 817 893 870; baseline -0.002 -14"><span class='ocrx_word' id='word_1_94' title='bbox 87 825 180 857; x_wconf 88' lang='lat' dir='ltr'>nostrum</span> <span class='ocrx_word' id='word_1_95' title='bbox 192 821 265 857; x_wconf 81' lang='lat' dir='ltr'>desum</span> <span class='ocrx_word' id='word_1_96' title='bbox 279 819 409 862; x_wconf 74' lang='lat' dir='ltr'>cm·istum,⁵&#39;</span> <span class='ocrx_word' id='word_1_97' title='bbox 429 819 453 856; x_wconf 91' lang='lat' dir='ltr'>ad</span> <span class='ocrx_word' id='word_1_98' title='bbox 466 818 636 870; x_wconf 81' lang='lat' dir='ltr'>significandum,</span> <span class='ocrx_word' id='word_1_99' title='bbox 651 817 702 854; x_wconf 83' lang='lat' dir='ltr'>nihil</span> <span class='ocrx_word' id='word_1_100' title='bbox 713 830 736 854; x_wconf 92' lang='lat' dir='ltr'>se</span> <span class='ocrx_word' id='word_1_101' title='bbox 749 829 760 854; x_wconf 91' lang='lat' dir='ltr'>a</span> <span class='ocrx_word' id='word_1_102' title='bbox 771 818 817 854; x_wconf 92' lang='lat' dir='ltr'>Deo</span> <span class='ocrx_word' id='word_1_103' title='bbox 828 818 893 855; x_wconf 90' lang='lat' dir='ltr'>Patre</span> 
     </span>
     <span class='ocr_line' id='line_1_13' title="bbox 86 877 892 931; baseline -0.001 -15"><span class='ocrx_word' id='word_1_104' title='bbox 86 880 208 930; x_wconf 82' lang='lat' dir='ltr'>impetrare,</span> <span class='ocrx_word' id='word_1_105' title='bbox 221 880 261 917; x_wconf 91' lang='lat' dir='ltr'>nisi</span> <span class='ocrx_word' id='word_1_106' title='bbox 273 892 310 929; x_wconf 91' lang='lat' dir='ltr'>per</span> <span class='ocrx_word' id='word_1_107' title='bbox 322 879 397 917; x_wconf 89' lang='lat' dir='ltr'>merita</span> <span class='ocrx_word' id='word_1_108' title='bbox 409 879 513 931; x_wconf 80' lang='lat' dir='ltr'>unigeniti</span> <span class='ocrx_word' id='word_1_109' title='bbox 524 879 571 916; x_wconf 83' lang='lat' dir='ltr'>Filii</span> <span class='ocrx_word' id='word_1_110' title='bbox 583 879 638 928; x_wconf 85' lang='lat' dir='ltr'>ejus,</span> <span class='ocrx_word' id='word_1_111' title='bbox 651 889 675 916; x_wconf 90' lang='lat' dir='ltr'>ac</span> <span class='ocrx_word' id='word_1_112' title='bbox 687 878 755 915; x_wconf 92' lang='lat' dir='ltr'>nostri</span> <span class='ocrx_word' id='word_1_113' title='bbox 767 877 892 916; x_wconf 85' lang='lat' dir='ltr'>Salvatoris.</span> 
     </span>
    </p>

    <p class='ocr_par' dir='ltr' id='par_1_3' title="bbox 82 940 893 1732">
     <span class='ocr_line' id='line_1_14' title="bbox 158 940 893 994; baseline -0.005 -12"><span class='ocrx_word' id='word_1_114' title='bbox 158 944 180 982; x_wconf 93' lang='lat' dir='ltr'>ln</span> <span class='ocrx_word' id='word_1_115' title='bbox 196 942 266 994; x_wconf 89' lang='lat' dir='ltr'>specie</span> <span class='ocrx_word' id='word_1_116' title='bbox 285 948 352 981; x_wconf 82' lang='lat' dir='ltr'>autem</span> <span class='ocrx_word' id='word_1_117' title='bbox 371 947 412 981; x_wconf 85' lang='lat' dir='ltr'>tam</span> <span class='ocrx_word' id='word_1_118' title='bbox 430 940 588 993; x_wconf 82' lang='lat' dir='ltr'>peccatoribus,</span> <span class='ocrx_word' id='word_1_119' title='bbox 612 946 634 980; x_wconf 91' lang='lat' dir='ltr'>ut</span> <span class='ocrx_word' id='word_1_120' title='bbox 651 945 811 987; x_wconf 84' lang='lat' dir='ltr'>convertantur,</span> <span class='ocrx_word' id='word_1_121' title='bbox 833 952 893 992; x_wconf 87' lang='lat' dir='ltr'>quam</span> 
     </span>
     <span class='ocr_line' id='line_1_15' title="bbox 82 1004 892 1056; baseline -0.004 -11"><span class='ocrx_word' id='word_1_122' title='bbox 82 1006 158 1055; x_wconf 86' lang='lat' dir='ltr'>justis,</span> <span class='ocrx_word' id='word_1_123' title='bbox 171 1012 193 1044; x_wconf 94' lang='lat' dir='ltr'>ut</span> <span class='ocrx_word' id='word_1_124' title='bbox 204 1006 224 1044; x_wconf 94' lang='lat' dir='ltr'>in</span> <span class='ocrx_word' id='word_1_125' title='bbox 235 1005 320 1055; x_wconf 80' lang='lat' dir='ltr'>justitia</span> <span class='ocrx_word' id='word_1_126' title='bbox 331 1013 478 1056; x_wconf 83' lang='lat' dir='ltr'>perseverent,</span> <span class='ocrx_word' id='word_1_127' title='bbox 493 1005 543 1044; x_wconf 89' lang='lat' dir='ltr'>nihil</span> <span class='ocrx_word' id='word_1_128' title='bbox 556 1004 660 1056; x_wconf 87' lang='lat' dir='ltr'>antiquius</span> <span class='ocrx_word' id='word_1_129' title='bbox 672 1004 813 1043; x_wconf 90' lang='lat' dir='ltr'>commendari</span> <span class='ocrx_word' id='word_1_130' title='bbox 825 1017 892 1043; x_wconf 87' lang='lat' dir='ltr'>mere·</span> 
     </span>
     <span class='ocr_line' id='line_1_16' title="bbox 86 1066 893 1119; baseline -0.002 -12"><span class='ocrx_word' id='word_1_131' title='bbox 86 1075 126 1115; x_wconf 87' lang='lat' dir='ltr'>tur,</span> <span class='ocrx_word' id='word_1_132' title='bbox 145 1080 204 1119; x_wconf 88' lang='lat' dir='ltr'>quam</span> <span class='ocrx_word' id='word_1_133' title='bbox 223 1067 263 1106; x_wconf 82' lang='lat' dir='ltr'>SS.</span> <span class='ocrx_word' id='word_1_134' title='bbox 282 1069 362 1106; x_wconf 80' lang='lat' dir='ltr'>Altaris</span> <span class='ocrx_word' id='word_1_135' title='bbox 380 1067 513 1107; x_wconf 77' lang='lat' dir='ltr'>sacramenti</span> <span class='ocrx_word' id='word_1_136' title='bbox 532 1068 631 1107; x_wconf 88' lang='lat' dir='ltr'>adoratio.</span> <span class='ocrx_word' id='word_1_137' title='bbox 660 1068 712 1107; x_wconf 77' lang='lat' dir='ltr'>llam</span> <span class='ocrx_word' id='word_1_138' title='bbox 731 1066 817 1107; x_wconf 90' lang='lat' dir='ltr'>eundem</span> <span class='ocrx_word' id='word_1_139' title='bbox 836 1067 893 1105; x_wconf 91' lang='lat' dir='ltr'>illum</span> 
     </span>
     <span class='ocr_line' id='line_1_17' title="bbox 85 1128 891 1180; baseline 0 -13"><span class='ocrx_word' id='word_1_140' title='bbox 85 1132 152 1167; x_wconf 85' lang='lat' dir='ltr'>Deum</span> <span class='ocrx_word' id='word_1_141' title='bbox 163 1130 183 1166; x_wconf 92' lang='lat' dir='ltr'>in</span> <span class='ocrx_word' id='word_1_142' title='bbox 196 1142 220 1166; x_wconf 87' lang='lat' dir='ltr'>eo</span> <span class='ocrx_word' id='word_1_143' title='bbox 233 1136 365 1178; x_wconf 83' lang='lat' dir='ltr'>praesentem</span> <span class='ocrx_word' id='word_1_144' title='bbox 378 1130 489 1175; x_wconf 87' lang='lat' dir='ltr'>credimus,</span> <span class='ocrx_word' id='word_1_145' title='bbox 502 1142 561 1180; x_wconf 88' lang='lat' dir='ltr'>quem</span> <span class='ocrx_word' id='word_1_146' title='bbox 569 1130 633 1168; x_wconf 88' lang='lat' dir='ltr'>Pater</span> <span class='ocrx_word' id='word_1_147' title='bbox 645 1135 744 1167; x_wconf 88' lang='lat' dir='ltr'>aeternus</span> <span class='ocrx_word' id='word_1_148' title='bbox 755 1128 891 1168; x_wconf 87' lang='lat' dir='ltr'>introducens</span> 
     </span>
     <span class='ocr_line' id='line_1_18' title="bbox 86 1185 891 1240; baseline 0.001 -14"><span class='ocrx_word' id='word_1_149' title='bbox 86 1191 105 1227; x_wconf 91' lang='lat' dir='ltr'>in</span> <span class='ocrx_word' id='word_1_150' title='bbox 123 1190 194 1227; x_wconf 86' lang='lat' dir='ltr'>orbem</span> <span class='ocrx_word' id='word_1_151' title='bbox 212 1196 327 1234; x_wconf 87' lang='lat' dir='ltr'>terrarum,</span> <span class='ocrx_word' id='word_1_152' title='bbox 347 1185 408 1228; x_wconf 87' lang='lat' dir='ltr'>dicit:</span> <span class='ocrx_word' id='word_1_153' title='bbox 425 1190 459 1229; x_wconf 75' lang='lat' dir='ltr'>Et</span> <span class='ocrx_word' id='word_1_154' title='bbox 469 1191 622 1229; x_wconf 80' lang='lat' dir='ltr'>adoreuteum</span> <span class='ocrx_word' id='word_1_155' title='bbox 634 1203 709 1229; x_wconf 79' lang='lat' dir='ltr'>omncs</span> <span class='ocrx_word' id='word_1_156' title='bbox 720 1189 811 1239; x_wconf 76' lang='lat' dir='ltr'>Anyelz&#39;,</span> <span class='ocrx_word' id='word_1_157' title='bbox 832 1202 891 1240; x_wconf 88' lang='lat' dir='ltr'>quem</span> 
     </span>
     <span class='ocr_line' id='line_1_19' title="bbox 85 1249 892 1299; baseline 0.001 -15"><span class='ocrx_word' id='word_1_158' title='bbox 85 1249 143 1298; x_wconf 77' lang='lat' dir='ltr'>Magi</span> <span class='ocrx_word' id='word_1_159' title='bbox 155 1250 288 1296; x_wconf 85' lang='lat' dir='ltr'>procidentes</span> <span class='ocrx_word' id='word_1_160' title='bbox 301 1250 447 1295; x_wconf 84' lang='lat' dir='ltr'>adoraverunt,</span> <span class='ocrx_word' id='word_1_161' title='bbox 460 1263 519 1299; x_wconf 89' lang='lat' dir='ltr'>quem</span> <span class='ocrx_word' id='word_1_162' title='bbox 531 1250 617 1299; x_wconf 87' lang='lat' dir='ltr'>denique</span> <span class='ocrx_word' id='word_1_163' title='bbox 629 1250 650 1287; x_wconf 93' lang='lat' dir='ltr'>in</span> <span class='ocrx_word' id='word_1_164' title='bbox 662 1250 758 1287; x_wconf 78' lang='lat' dir='ltr'>Galilaea</span> <span class='ocrx_word' id='word_1_165' title='bbox 770 1251 794 1287; x_wconf 90' lang='lat' dir='ltr'>ab</span> <span class='ocrx_word' id='word_1_166' title='bbox 803 1251 892 1298; x_wconf 81' lang='lat' dir='ltr'>Aposto-</span> 
     </span>
     <span class='ocr_line' id='line_1_20' title="bbox 86 1307 892 1358; baseline 0 -14"><span class='ocrx_word' id='word_1_167' title='bbox 86 1308 111 1344; x_wconf 88' lang='lat' dir='ltr'>lis</span> <span class='ocrx_word' id='word_1_168' title='bbox 123 1307 230 1345; x_wconf 88' lang='lat' dir='ltr'>adoratum</span> <span class='ocrx_word' id='word_1_169' title='bbox 243 1308 308 1346; x_wconf 84' lang='lat' dir='ltr'>fuisse</span> <span class='ocrx_word' id='word_1_170' title='bbox 322 1308 433 1357; x_wconf 83' lang='lat' dir='ltr'>Scriptura</span> <span class='ocrx_word' id='word_1_171' title='bbox 445 1315 535 1346; x_wconf 88' lang='lat' dir='ltr'>testatur</span> <span class='ocrx_word' id='word_1_172' title='bbox 549 1307 575 1356; x_wconf 76' lang='lat'>¹).</span> <span class='ocrx_word' id='word_1_173' title='bbox 590 1310 637 1358; x_wconf 90' lang='lat' dir='ltr'>lpse</span> <span class='ocrx_word' id='word_1_174' title='bbox 650 1309 746 1345; x_wconf 88' lang='lat' dir='ltr'>nimirum</span> <span class='ocrx_word' id='word_1_175' title='bbox 758 1309 778 1344; x_wconf 95' lang='lat' dir='ltr'>in</span> <span class='ocrx_word' id='word_1_176' title='bbox 789 1308 892 1345; x_wconf 80' lang='lat' dir='ltr'>Euchari-</span> 
     </span>
     <span class='ocr_line' id='line_1_21' title="bbox 86 1367 892 1418; baseline 0 -13"><span class='ocrx_word' id='word_1_177' title='bbox 86 1368 126 1406; x_wconf 90' lang='lat' dir='ltr'>stia</span> <span class='ocrx_word' id='word_1_178' title='bbox 138 1380 238 1418; x_wconf 81' lang='lat' dir='ltr'>praesens</span> <span class='ocrx_word' id='word_1_179' title='bbox 249 1369 321 1414; x_wconf 84' lang='lat' dir='ltr'>Pater,</span> <span class='ocrx_word' id='word_1_180' title='bbox 339 1370 420 1415; x_wconf 81' lang='lat' dir='ltr'>Frater,</span> <span class='ocrx_word' id='word_1_181' title='bbox 432 1367 528 1414; x_wconf 82' lang='lat' dir='ltr'>Amicus,</span> <span class='ocrx_word' id='word_1_182' title='bbox 546 1369 652 1414; x_wconf 86' lang='lat' dir='ltr'>Medicus,</span> <span class='ocrx_word' id='word_1_183' title='bbox 667 1369 781 1407; x_wconf 86' lang='lat' dir='ltr'>Redemtor</span> <span class='ocrx_word' id='word_1_184' title='bbox 793 1374 814 1406; x_wconf 87' lang='lat' dir='ltr'>ct</span> <span class='ocrx_word' id='word_1_185' title='bbox 824 1368 892 1407; x_wconf 79' lang='lat' dir='ltr'>Advo-</span> 
     </span>
     <span class='ocr_line' id='line_1_22' title="bbox 86 1428 892 1484; baseline -0.001 -14"><span class='ocrx_word' id='word_1_186' title='bbox 86 1437 145 1471; x_wconf 88' lang='lat' dir='ltr'>catus</span> <span class='ocrx_word' id='word_1_187' title='bbox 158 1436 190 1470; x_wconf 84' lang='lat' dir='ltr'>est</span> <span class='ocrx_word' id='word_1_188' title='bbox 203 1437 281 1479; x_wconf 85' lang='lat' dir='ltr'>noster,</span> <span class='ocrx_word' id='word_1_189' title='bbox 293 1431 334 1471; x_wconf 88' lang='lat' dir='ltr'>imo</span> <span class='ocrx_word' id='word_1_190' title='bbox 345 1431 447 1472; x_wconf 83' lang='lat' dir='ltr'>Dominus</span> <span class='ocrx_word' id='word_1_191' title='bbox 460 1438 481 1471; x_wconf 86' lang='lat' dir='ltr'>et</span> <span class='ocrx_word' id='word_1_192' title='bbox 491 1432 550 1472; x_wconf 92' lang='lat' dir='ltr'>Deus</span> <span class='ocrx_word' id='word_1_193' title='bbox 558 1454 587 1460; x_wconf 93' lang='lat'>—</span> <span class='ocrx_word' id='word_1_194' title='bbox 595 1438 655 1484; x_wconf 84' lang='lat' dir='ltr'>atque</span> <span class='ocrx_word' id='word_1_195' title='bbox 667 1430 737 1471; x_wconf 81' lang='lat' dir='ltr'>Judex</span> <span class='ocrx_word' id='word_1_196' title='bbox 748 1437 828 1470; x_wconf 85' lang='lat' dir='ltr'>noster.</span> <span class='ocrx_word' id='word_1_197' title='bbox 841 1428 892 1481; x_wconf 78' lang='lat' dir='ltr'>Quis</span> 
     </span>
     <span class='ocr_line' id='line_1_23' title="bbox 86 1495 892 1547; baseline 0 -13"><span class='ocrx_word' id='word_1_198' title='bbox 86 1496 109 1535; x_wconf 86' lang='lat' dir='ltr'>ad</span> <span class='ocrx_word' id='word_1_199' title='bbox 122 1495 175 1535; x_wconf 89' lang='lat' dir='ltr'>hunc</span> <span class='ocrx_word' id='word_1_200' title='bbox 187 1496 269 1547; x_wconf 79' lang='lat' dir='ltr'>gratiae</span> <span class='ocrx_word' id='word_1_201' title='bbox 283 1496 378 1536; x_wconf 88' lang='lat' dir='ltr'>thronum</span> <span class='ocrx_word' id='word_1_202' title='bbox 390 1509 430 1535; x_wconf 93' lang='lat' dir='ltr'>non</span> <span class='ocrx_word' id='word_1_203' title='bbox 443 1497 502 1536; x_wconf 81' lang='lat' dir='ltr'>adeat</span> <span class='ocrx_word' id='word_1_204' title='bbox 518 1510 564 1536; x_wconf 92' lang='lat' dir='ltr'>cum</span> <span class='ocrx_word' id='word_1_205' title='bbox 582 1496 668 1543; x_wconf 89' lang='lat' dir='ltr'>fiducia,</span> <span class='ocrx_word' id='word_1_206' title='bbox 686 1503 709 1535; x_wconf 91' lang='lat' dir='ltr'>ut</span> <span class='ocrx_word' id='word_1_207' title='bbox 726 1495 892 1536; x_wconf 87' lang='lat' dir='ltr'>misericordiam</span> 
     </span>
     <span class='ocr_line' id='line_1_24' title="bbox 86 1557 892 1610; baseline 0.001 -16"><span class='ocrx_word' id='word_1_208' title='bbox 86 1563 233 1608; x_wconf 84' lang='lat' dir='ltr'>consequatur,</span> <span class='ocrx_word' id='word_1_209' title='bbox 252 1565 272 1596; x_wconf 90' lang='lat' dir='ltr'>et</span> <span class='ocrx_word' id='word_1_210' title='bbox 290 1559 380 1610; x_wconf 84' lang='lat' dir='ltr'>gratiam</span> <span class='ocrx_word' id='word_1_211' title='bbox 399 1559 491 1597; x_wconf 87' lang='lat' dir='ltr'>inveniat</span> <span class='ocrx_word' id='word_1_212' title='bbox 505 1560 525 1596; x_wconf 94' lang='lat' dir='ltr'>in</span> <span class='ocrx_word' id='word_1_213' title='bbox 538 1560 615 1597; x_wconf 83' lang='lat' dir='ltr'>auxilio</span> <span class='ocrx_word' id='word_1_214' title='bbox 628 1565 742 1609; x_wconf 90' lang='lat' dir='ltr'>opportuno</span> <span class='ocrx_word' id='word_1_215' title='bbox 757 1557 784 1605; x_wconf 73' lang='grc'>2),</span> <span class='ocrx_word' id='word_1_216' title='bbox 803 1558 892 1608; x_wconf 86' lang='lat' dir='ltr'>quando-</span> 
     </span>
     <span class='ocr_line' id='line_1_25' title="bbox 87 1619 892 1673; baseline 0 -16"><span class='ocrx_word' id='word_1_217' title='bbox 87 1619 167 1669; x_wconf 84' lang='lat' dir='ltr'>quidem</span> <span class='ocrx_word' id='word_1_218' title='bbox 179 1619 225 1669; x_wconf 90' lang='lat' dir='ltr'>Ipse</span> <span class='ocrx_word' id='word_1_219' title='bbox 238 1631 275 1657; x_wconf 92' lang='lat' dir='ltr'>nos</span> <span class='ocrx_word' id='word_1_220' title='bbox 287 1620 377 1659; x_wconf 85' lang='lat' dir='ltr'>invitare</span> <span class='ocrx_word' id='word_1_221' title='bbox 390 1622 470 1673; x_wconf 78' lang='lat' dir='ltr'>pergit:</span> <span class='ocrx_word' id='word_1_222' title='bbox 484 1621 575 1661; x_wconf 76' lang='lat' dir='ltr'>„Venite</span> <span class='ocrx_word' id='word_1_223' title='bbox 588 1621 612 1659; x_wconf 87' lang='lat' dir='ltr'>ad</span> <span class='ocrx_word' id='word_1_224' title='bbox 625 1633 656 1659; x_wconf 90' lang='lat' dir='ltr'>me</span> <span class='ocrx_word' id='word_1_225' title='bbox 670 1632 752 1667; x_wconf 85' lang='lat' dir='ltr'>onmes,</span> <span class='ocrx_word' id='word_1_226' title='bbox 765 1619 798 1670; x_wconf 91' lang='lat' dir='ltr'>qui</span> <span class='ocrx_word' id='word_1_227' title='bbox 810 1620 892 1658; x_wconf 87' lang='lat' dir='ltr'>labora·</span> 
     </span>
     <span class='ocr_line' id='line_1_26' title="bbox 88 1680 619 1732; baseline 0.006 -16"><span class='ocrx_word' id='word_1_228' title='bbox 88 1680 114 1716; x_wconf 89' lang='lat' dir='ltr'>tis</span> <span class='ocrx_word' id='word_1_229' title='bbox 127 1686 147 1716; x_wconf 90' lang='lat' dir='ltr'>ct</span> <span class='ocrx_word' id='word_1_230' title='bbox 159 1681 239 1717; x_wconf 86' lang='lat' dir='ltr'>onerati</span> <span class='ocrx_word' id='word_1_231' title='bbox 251 1681 313 1725; x_wconf 90' lang='lat' dir='ltr'>estis,</span> <span class='ocrx_word' id='word_1_232' title='bbox 327 1687 348 1718; x_wconf 90' lang='lat' dir='ltr'>et</span> <span class='ocrx_word' id='word_1_233' title='bbox 359 1694 398 1732; x_wconf 81' lang='lat' dir='ltr'>ego</span> <span class='ocrx_word' id='word_1_234' title='bbox 410 1683 505 1720; x_wconf 89' lang='lat' dir='ltr'>reficiam</span> <span class='ocrx_word' id='word_1_235' title='bbox 517 1683 567 1719; x_wconf 80' lang='lat' dir='ltr'>vos’&#39;</span> <span class='ocrx_word' id='word_1_236' title='bbox 582 1681 619 1730; x_wconf 59' lang='grc' dir='ltr'>Ἣ</span> 
     </span>
    </p>

    <p class='ocr_par' dir='ltr' id='par_1_4' title="bbox 86 1740 895 1975">
     <span class='ocr_line' id='line_1_27' title="bbox 160 1740 894 1791; baseline 0.003 -16"><span class='ocrx_word' id='word_1_237' title='bbox 160 1741 230 1789; x_wconf 84' lang='lat' dir='ltr'>ltaque</span> <span class='ocrx_word' id='word_1_238' title='bbox 244 1740 398 1786; x_wconf 86' lang='lat' dir='ltr'>confessarius,</span> <span class='ocrx_word' id='word_1_239' title='bbox 417 1748 521 1791; x_wconf 87' lang='lat' dir='ltr'>tamquam</span> <span class='ocrx_word' id='word_1_240' title='bbox 533 1742 650 1791; x_wconf 87' lang='lat' dir='ltr'>spiritualis</span> <span class='ocrx_word' id='word_1_241' title='bbox 663 1742 777 1779; x_wconf 88' lang='lat' dir='ltr'>animarum</span> <span class='ocrx_word' id='word_1_242' title='bbox 789 1741 894 1785; x_wconf 86' lang='lat' dir='ltr'>medicus,</span> 
     </span>
     <span class='ocr_line' id='line_1_28' title="bbox 88 1798 895 1851; baseline 0.002 -17"><span class='ocrx_word' id='word_1_243' title='bbox 88 1804 144 1835; x_wconf 83' lang='lat' dir='ltr'>totus</span> <span class='ocrx_word' id='word_1_244' title='bbox 163 1798 190 1834; x_wconf 85' lang='lat' dir='ltr'>sit</span> <span class='ocrx_word' id='word_1_245' title='bbox 208 1799 227 1834; x_wconf 90' lang='lat' dir='ltr'>iu</span> <span class='ocrx_word' id='word_1_246' title='bbox 246 1800 407 1836; x_wconf 87' lang='lat' dir='ltr'>commendando</span> <span class='ocrx_word' id='word_1_247' title='bbox 425 1801 578 1848; x_wconf 84' lang='lat' dir='ltr'>poenitentibus</span> <span class='ocrx_word' id='word_1_248' title='bbox 600 1801 730 1851; x_wconf 80' lang='lat' dir='ltr'>singularem</span> <span class='ocrx_word' id='word_1_249' title='bbox 750 1812 803 1850; x_wconf 77' lang='lat' dir='ltr'>erga</span> <span class='ocrx_word' id='word_1_250' title='bbox 820 1800 895 1836; x_wconf 81' lang='lat' dir='ltr'>desum</span> 
     </span>
     <span class='ocr_line' id='line_1_29' title="bbox 88 1857 893 1918; baseline 0 -23"><span class='ocrx_word' id='word_1_251' title='bbox 88 1857 194 1896; x_wconf 75' lang='lat' dir='ltr'>Christum</span> <span class='ocrx_word' id='word_1_252' title='bbox 206 1857 353 1918; x_wconf 35' lang='lat' dir='ltr'>Redemtorelm</span> <span class='ocrx_word' id='word_1_253' title='bbox 365 1859 505 1907; x_wconf 90' lang='lat' dir='ltr'>devotionem,</span> <span class='ocrx_word' id='word_1_254' title='bbox 524 1860 589 1899; x_wconf 87' lang='lat' dir='ltr'>veluti</span> <span class='ocrx_word' id='word_1_255' title='bbox 604 1860 800 1910; x_wconf 88' lang='lat' dir='ltr'>praesentissimum</span> <span class='ocrx_word' id='word_1_256' title='bbox 820 1860 893 1897; x_wconf 88' lang='lat' dir='ltr'>adver·</span> 
     </span>
     <span class='ocr_line' id='line_1_30' title="bbox 86 1921 715 1975; baseline 0.003 -16"><span class='ocrx_word' id='word_1_257' title='bbox 86 1932 122 1959; x_wconf 85' lang='lat' dir='ltr'>sus</span> <span class='ocrx_word' id='word_1_258' title='bbox 135 1926 229 1973; x_wconf 88' lang='lat' dir='ltr'>peccata,</span> <span class='ocrx_word' id='word_1_259' title='bbox 242 1926 262 1960; x_wconf 87' lang='lat' dir='ltr'>et</span> <span class='ocrx_word' id='word_1_260' title='bbox 273 1933 310 1973; x_wconf 93' lang='lat' dir='ltr'>pro</span> <span class='ocrx_word' id='word_1_261' title='bbox 324 1921 436 1961; x_wconf 84' lang='lat' dir='ltr'>virtutihus</span> <span class='ocrx_word' id='word_1_262' title='bbox 449 1922 582 1975; x_wconf 83' lang='lat' dir='ltr'>acquirendis</span> <span class='ocrx_word' id='word_1_263' title='bbox 594 1921 715 1961; x_wconf 87' lang='lat' dir='ltr'>remedium.</span> 
     </span>
    </p>
   </div>
   <div class='ocr_carea' id='block_1_3' title="bbox 202 2045 777 2119">
    <p class='ocr_par' dir='ltr' id='par_1_5' title="bbox 202 2045 777 2119">
     <span class='ocr_line' id='line_1_31' title="bbox 202 2045 777 2119; baseline 0.005 -22"><span class='ocrx_word' id='word_1_264' title='bbox 202 2046 223 2097; x_wconf 76' lang='lat' dir='ltr'>:t</span> <span class='ocrx_word' id='word_1_265' title='bbox 243 2045 336 2100; x_wconf 85' lang='lat' dir='ltr'>llevotio</span> <span class='ocrx_word' id='word_1_266' title='bbox 357 2062 413 2117; x_wconf 65' lang='lat' dir='ltr'>ema</span> <span class='ocrx_word' id='word_1_267' title='bbox 432 2047 523 2103; x_wconf 82' lang='lat' dir='ltr'>beatem</span> <span class='ocrx_word' id='word_1_268' title='bbox 543 2048 657 2119; x_wconf 74' lang='lat' dir='ltr'>Virginem</span> <span class='ocrx_word' id='word_1_269' title='bbox 676 2047 777 2101; x_wconf 83' lang='lat' dir='ltr'>llariem.</span> 
     </span>
    </p>
   </div>
   <div class='ocr_carea' id='block_1_4' title="bbox 86 2167 895 2343">
    <p class='ocr_par' dir='ltr' id='par_1_6' title="bbox 86 2167 895 2343">
     <span class='ocr_line' id='line_1_32' title="bbox 159 2167 893 2223; baseline 0.003 -15"><span class='ocrx_word' id='word_1_270' title='bbox 159 2169 177 2222; x_wconf 65' lang='grc' dir='ltr'>ξ.</span> <span class='ocrx_word' id='word_1_271' title='bbox 192 2167 241 2209; x_wconf 80' lang='lat'>155.</span> <span class='ocrx_word' id='word_1_272' title='bbox 261 2171 350 2218; x_wconf 83' lang='lat' dir='ltr'>Omnes,</span> <span class='ocrx_word' id='word_1_273' title='bbox 366 2174 400 2222; x_wconf 84' lang='lat' dir='ltr'>qui</span> <span class='ocrx_word' id='word_1_274' title='bbox 413 2173 436 2210; x_wconf 89' lang='lat' dir='ltr'>de</span> <span class='ocrx_word' id='word_1_275' title='bbox 448 2174 525 2223; x_wconf 86' lang='lat' dir='ltr'>pictate</span> <span class='ocrx_word' id='word_1_276' title='bbox 538 2174 604 2212; x_wconf 89' lang='lat' dir='ltr'>solide</span> <span class='ocrx_word' id='word_1_277' title='bbox 616 2180 637 2211; x_wconf 94' lang='lat' dir='ltr'>et</span> <span class='ocrx_word' id='word_1_278' title='bbox 644 2174 706 2223; x_wconf 82' lang='lat' dir='ltr'>juxta</span> <span class='ocrx_word' id='word_1_279' title='bbox 719 2180 808 2212; x_wconf 88' lang='lat' dir='ltr'>mentem</span> <span class='ocrx_word' id='word_1_280' title='bbox 820 2174 893 2212; x_wconf 77' lang='lat' dir='ltr'>Eccle-</span> 
     </span>
     <span class='ocr_line' id='line_1_33' title="bbox 86 2230 894 2286; baseline 0.004 -17"><span class='ocrx_word' id='word_1_281' title='bbox 86 2231 129 2270; x_wconf 86' lang='lat' dir='ltr'>siae</span> <span class='ocrx_word' id='word_1_282' title='bbox 148 2230 264 2270; x_wconf 90' lang='lat' dir='ltr'>catholicae</span> <span class='ocrx_word' id='word_1_283' title='bbox 282 2238 386 2278; x_wconf 83' lang='lat' dir='ltr'>tractant,</span> <span class='ocrx_word' id='word_1_284' title='bbox 406 2234 483 2272; x_wconf 88' lang='lat' dir='ltr'>cultum</span> <span class='ocrx_word' id='word_1_285' title='bbox 495 2235 560 2272; x_wconf 88' lang='lat' dir='ltr'>Matri</span> <span class='ocrx_word' id='word_1_286' title='bbox 577 2235 686 2286; x_wconf 79' lang='lat' dir='ltr'>virgineae</span> <span class='ocrx_word' id='word_1_287' title='bbox 704 2235 834 2285; x_wconf 89' lang='lat' dir='ltr'>impensum,</span> <span class='ocrx_word' id='word_1_288' title='bbox 856 2246 894 2272; x_wconf 91' lang='lat' dir='ltr'>ceu</span> 
     </span>
     <span class='ocr_line' id='line_1_34' title="bbox 86 2293 895 2343; baseline 0.005 -13"><span class='ocrx_word' id='word_1_289' title='bbox 86 2293 254 2332; x_wconf 77' lang='lat' dir='ltr'>efficacissimum</span> <span class='ocrx_word' id='word_1_290' title='bbox 283 2294 419 2343; x_wconf 85' lang='lat' dir='ltr'>perfectionis</span> <span class='ocrx_word' id='word_1_291' title='bbox 445 2296 559 2334; x_wconf 82' lang='lat' dir='ltr'>subsidium</span> <span class='ocrx_word' id='word_1_292' title='bbox 587 2309 610 2334; x_wconf 90' lang='lat' dir='ltr'>ac</span> <span class='ocrx_word' id='word_1_293' title='bbox 637 2296 782 2335; x_wconf 86' lang='lat' dir='ltr'>conversionis</span> <span class='ocrx_word' id='word_1_294' title='bbox 805 2296 895 2334; x_wconf 87' lang='lat' dir='ltr'>medium</span> 
     </span>
    </p>
   </div>
   <div class='ocr_carea' id='block_1_5' title="bbox 85 2355 897 2526">
    <p class='ocr_par' dir='ltr' id='par_1_7' title="bbox 85 2355 897 2526">
     <span class='ocr_line' id='line_1_35' title="bbox 86 2355 895 2409; baseline 0.004 -17"><span class='ocrx_word' id='word_1_295' title='bbox 86 2355 188 2393; x_wconf 85' lang='lat' dir='ltr'>referunt.</span> <span class='ocrx_word' id='word_1_296' title='bbox 216 2355 270 2394; x_wconf 77' lang='lat' dir='ltr'>„Per</span> <span class='ocrx_word' id='word_1_297' title='bbox 292 2355 357 2404; x_wconf 86' lang='lat' dir='ltr'>ipsam</span> <span class='ocrx_word' id='word_1_298' title='bbox 380 2356 454 2406; x_wconf 87' lang='lat' dir='ltr'>quippe</span> <span class='ocrx_word' id='word_1_299' title='bbox 475 2358 534 2395; x_wconf 88' lang='lat' dir='ltr'>Deus</span> <span class='ocrx_word' id='word_1_300' title='bbox 557 2358 674 2402; x_wconf 88' lang='lat' dir='ltr'>descendit,</span> <span class='ocrx_word' id='word_1_301' title='bbox 698 2358 727 2395; x_wconf 88' lang='lat' dir='ltr'>ait</span> <span class='ocrx_word' id='word_1_302' title='bbox 749 2357 772 2396; x_wconf 86' lang='lat' dir='ltr'>S.</span> <span class='ocrx_word' id='word_1_303' title='bbox 794 2359 895 2409; x_wconf 78' lang='lat' dir='ltr'>Augusti-</span> 
     </span>
     <span class='ocr_line' id='line_1_36' title="bbox 86 2417 895 2464; baseline 0.006 -14"><span class='ocrx_word' id='word_1_304' title='bbox 86 2427 132 2459; x_wconf 86' lang='lat' dir='ltr'>nus,</span> <span class='ocrx_word' id='word_1_305' title='bbox 154 2417 174 2451; x_wconf 92' lang='lat' dir='ltr'>in</span> <span class='ocrx_word' id='word_1_306' title='bbox 193 2421 285 2459; x_wconf 82' lang='lat' dir='ltr'>terram,</span> <span class='ocrx_word' id='word_1_307' title='bbox 308 2422 328 2451; x_wconf 86' lang='lat' dir='ltr'>et</span> <span class='ocrx_word' id='word_1_308' title='bbox 345 2429 383 2464; x_wconf 90' lang='lat' dir='ltr'>per</span> <span class='ocrx_word' id='word_1_309' title='bbox 401 2417 467 2464; x_wconf 87' lang='lat' dir='ltr'>ipsam</span> <span class='ocrx_word' id='word_1_310' title='bbox 489 2417 583 2454; x_wconf 89' lang='lat' dir='ltr'>homines</span> <span class='ocrx_word' id='word_1_311' title='bbox 606 2418 722 2455; x_wconf 87' lang='lat' dir='ltr'>ascendere</span> <span class='ocrx_word' id='word_1_312' title='bbox 744 2425 853 2455; x_wconf 85' lang='lat' dir='ltr'>meremur</span> <span class='ocrx_word' id='word_1_313' title='bbox 875 2419 895 2455; x_wconf 93' lang='lat' dir='ltr'>in</span> 
     </span>
     <span class='ocr_line' id='line_1_37' title="bbox 85 2474 897 2526; baseline 0.004 -16"><span class='ocrx_word' id='word_1_314' title='bbox 85 2474 173 2511; x_wconf 50' lang='lat' dir='ltr'>Deum?</span> <span class='ocrx_word' id='word_1_315' title='bbox 195 2475 292 2526; x_wconf 82' lang='lat' dir='ltr'>Longum</span> <span class='ocrx_word' id='word_1_316' title='bbox 304 2475 359 2512; x_wconf 85' lang='lat' dir='ltr'>foret</span> <span class='ocrx_word' id='word_1_317' title='bbox 372 2475 413 2513; x_wconf 76' lang='lat' dir='ltr'>SS,</span> <span class='ocrx_word' id='word_1_318' title='bbox 425 2476 512 2513; x_wconf 91' lang='lat' dir='ltr'>Patrum</span> <span class='ocrx_word' id='word_1_319' title='bbox 524 2477 600 2514; x_wconf 84' lang='lat' dir='ltr'>seriem</span> <span class='ocrx_word' id='word_1_320' title='bbox 613 2483 698 2521; x_wconf 81' lang='lat' dir='ltr'>texere,</span> <span class='ocrx_word' id='word_1_321' title='bbox 717 2478 751 2526; x_wconf 84' lang='lat' dir='ltr'>qui</span> <span class='ocrx_word' id='word_1_322' title='bbox 764 2477 788 2514; x_wconf 91' lang='lat' dir='ltr'>de</span> <span class='ocrx_word' id='word_1_323' title='bbox 801 2477 897 2514; x_wconf 83' lang='lat' dir='ltr'>efficacia</span> 
     </span>
    </p>
   </div>
   <div class='ocr_carea' id='block_1_6' title="bbox 69 2535 896 2780">
    <p class='ocr_par' dir='ltr' id='par_1_8' title="bbox 69 2535 896 2780">
     <span class='ocr_line' id='line_1_38' title="bbox 86 2535 896 2590; baseline 0.006 -19"><span class='ocrx_word' id='word_1_324' title='bbox 86 2535 198 2582; x_wconf 86' lang='lat' dir='ltr'>patrocinii</span> <span class='ocrx_word' id='word_1_325' title='bbox 209 2535 250 2573; x_wconf 89' lang='lat' dir='ltr'>Dei</span> <span class='ocrx_word' id='word_1_326' title='bbox 260 2536 337 2574; x_wconf 81' lang='lat' dir='ltr'>Matris</span> <span class='ocrx_word' id='word_1_327' title='bbox 350 2544 370 2574; x_wconf 91' lang='lat' dir='ltr'>et</span> <span class='ocrx_word' id='word_1_328' title='bbox 382 2537 480 2590; x_wconf 84' lang='lat' dir='ltr'>Virginis</span> <span class='ocrx_word' id='word_1_329' title='bbox 492 2537 568 2575; x_wconf 80' lang='lat' dir='ltr'>eximia</span> <span class='ocrx_word' id='word_1_330' title='bbox 582 2537 704 2576; x_wconf 87' lang='lat' dir='ltr'>testimonia</span> <span class='ocrx_word' id='word_1_331' title='bbox 719 2537 798 2588; x_wconf 90' lang='lat' dir='ltr'>scripto</span> <span class='ocrx_word' id='word_1_332' title='bbox 818 2537 843 2576; x_wconf 87' lang='lat' dir='ltr'>ad</span> <span class='ocrx_word' id='word_1_333' title='bbox 860 2551 896 2588; x_wconf 92' lang='lat' dir='ltr'>po-</span> 
     </span>
     <span class='ocr_line' id='line_1_39' title="bbox 87 2599 895 2656; baseline 0.01 -23"><span class='ocrx_word' id='word_1_334' title='bbox 87 2601 156 2638; x_wconf 87' lang='lat' dir='ltr'>steros</span> <span class='ocrx_word' id='word_1_335' title='bbox 180 2599 354 2649; x_wconf 62' lang='lat' dir='ltr'>transmiseram</span> <span class='ocrx_word' id='word_1_336' title='bbox 372 2602 408 2642; x_wconf 89' lang='lat' dir='ltr'>sed</span> <span class='ocrx_word' id='word_1_337' title='bbox 430 2600 477 2654; x_wconf 86' lang='lat' dir='ltr'>quid</span> <span class='ocrx_word' id='word_1_338' title='bbox 493 2614 582 2642; x_wconf 87' lang='lat' dir='ltr'>necesse</span> <span class='ocrx_word' id='word_1_339' title='bbox 598 2607 630 2642; x_wconf 91' lang='lat' dir='ltr'>est</span> <span class='ocrx_word' id='word_1_340' title='bbox 642 2600 783 2656; x_wconf 75' lang='lat' dir='ltr'>Augustinos,</span> <span class='ocrx_word' id='word_1_341' title='bbox 801 2602 895 2641; x_wconf 87' lang='lat' dir='ltr'>Lauren-</span> 
     </span>
     <span class='ocr_line' id='line_1_40' title="bbox 69 2658 896 2718; baseline 0.01 -22"><span class='ocrx_word' id='word_1_342' title='bbox 69 2658 127 2697; x_wconf 80' lang='lat' dir='ltr'>‘tios</span> <span class='ocrx_word' id='word_1_343' title='bbox 149 2664 292 2711; x_wconf 84' lang='lat' dir='ltr'>Justinianos,</span> <span class='ocrx_word' id='word_1_344' title='bbox 305 2665 451 2717; x_wconf 85' lang='lat' dir='ltr'>ildephonsos,</span> <span class='ocrx_word' id='word_1_345' title='bbox 469 2667 642 2713; x_wconf 88' lang='lat' dir='ltr'>Bonaventuras‚</span> <span class='ocrx_word' id='word_1_346' title='bbox 661 2665 783 2713; x_wconf 77' lang='lat' dir='ltr'>Anselmos,</span> <span class='ocrx_word' id='word_1_347' title='bbox 803 2666 896 2718; x_wconf 85' lang='lat' dir='ltr'>aliosque</span> 
     </span>
     <span class='ocr_line' id='line_1_41' title="bbox 87 2725 896 2780; baseline 0.01 -22"><span class='ocrx_word' id='word_1_348' title='bbox 87 2732 146 2771; x_wconf 87' lang='lat' dir='ltr'>quam</span> <span class='ocrx_word' id='word_1_349' title='bbox 164 2725 265 2773; x_wconf 87' lang='lat' dir='ltr'>plurimos</span> <span class='ocrx_word' id='word_1_350' title='bbox 284 2728 399 2774; x_wconf 85' lang='lat' dir='ltr'>adducere,</span> <span class='ocrx_word' id='word_1_351' title='bbox 418 2728 497 2780; x_wconf 89' lang='lat' dir='ltr'>quando</span> <span class='ocrx_word' id='word_1_352' title='bbox 515 2729 561 2779; x_wconf 92' lang='lat' dir='ltr'>ipsa</span> <span class='ocrx_word' id='word_1_353' title='bbox 579 2730 649 2768; x_wconf 87' lang='lat' dir='ltr'>Mater</span> <span class='ocrx_word' id='word_1_354' title='bbox 667 2730 767 2768; x_wconf 82' lang='lat' dir='ltr'>Ecclesia</span> <span class='ocrx_word' id='word_1_355' title='bbox 786 2742 798 2768; x_wconf 93' lang='lat' dir='ltr'>a</span> <span class='ocrx_word' id='word_1_356' title='bbox 816 2728 896 2780; x_wconf 82' lang='lat' dir='ltr'>Spiritu</span> 
     </span>
    </p>
   </div>
   <div class='ocr_carea' id='block_1_7' title="bbox 93 2825 283 2837">
    <p class='ocr_par' dir='ltr' id='par_1_9' title="bbox 93 2825 283 2837">
     <span class='ocr_line' id='line_1_42' title="bbox 93 2825 283 2837; baseline 0.005 -1"><span class='ocrx_word' id='word_1_357' title='bbox 93 2825 283 2837; x_wconf 32' lang='grc' dir='ltr'>-ὓ-ἥ-</span> 
     </span>
    </p>
   </div>
   <div class='ocr_carea' id='block_1_8' title="bbox 112 2869 897 3012">
    <p class='ocr_par' dir='ltr' id='par_1_10' title="bbox 112 2869 897 3012">
     <span class='ocr_line' id='line_1_43' title="bbox 112 2869 897 2918; baseline 0.006 -16"><span class='ocrx_word' id='word_1_358' title='bbox 112 2872 127 2910; x_wconf 83' lang='lat'>¹)</span> <span class='ocrx_word' id='word_1_359' title='bbox 138 2869 197 2903; x_wconf 81' lang='lat' dir='ltr'>conc.</span> <span class='ocrx_word' id='word_1_360' title='bbox 212 2872 264 2906; x_wconf 79' lang='lat' dir='ltr'>Trid.</span> <span class='ocrx_word' id='word_1_361' title='bbox 279 2875 335 2909; x_wconf 82' lang='lat' dir='ltr'>Sess.</span> <span class='ocrx_word' id='word_1_362' title='bbox 346 2875 396 2910; x_wconf 84' lang='lat' dir='ltr'>Xlll.</span> <span class='ocrx_word' id='word_1_363' title='bbox 410 2885 452 2918; x_wconf 86' lang='lat' dir='ltr'>cap.</span> <span class='ocrx_word' id='word_1_364' title='bbox 461 2878 478 2909; x_wconf 84' lang='lat'>5.</span> <span class='ocrx_word' id='word_1_365' title='bbox 493 2884 534 2909; x_wconf 87' lang='lat' dir='ltr'>can.</span> <span class='ocrx_word' id='word_1_366' title='bbox 545 2876 562 2908; x_wconf 70' lang='lat'>¹⁴.</span> <span class='ocrx_word' id='word_1_367' title='bbox 573 2877 590 2909; x_wconf 84' lang='lat'>6.</span> <span class='ocrx_word' id='word_1_368' title='bbox 617 2894 641 2900; x_wconf 78' lang='lat'>-</span> <span class='ocrx_word' id='word_1_369' title='bbox 666 2874 847 2916; x_wconf 80' lang='lat' dir='ltr'>²)Hebr.1v.1c,</span> <span class='ocrx_word' id='word_1_370' title='bbox 874 2891 897 2897; x_wconf 89' lang='lat'>-</span> 
     </span>
     <span class='ocr_line' id='line_1_44' title="bbox 137 2919 314 2959; baseline 0.028 -9"><span class='ocrx_word' id='word_1_371' title='bbox 137 2920 153 2959; x_wconf 82' lang='lat'>³)</span> <span class='ocrx_word' id='word_1_372' title='bbox 162 2919 231 2952; x_wconf 78' lang='lat' dir='ltr'>matth.</span> <span class='ocrx_word' id='word_1_373' title='bbox 240 2921 273 2954; x_wconf 84' lang='lat' dir='ltr'>xl.</span> <span class='ocrx_word' id='word_1_374' title='bbox 283 2924 314 2955; x_wconf 80' lang='lat'>28.</span> 
     </span>
     <span class='ocr_line' id='line_1_45' title="bbox 720 2971 748 3012; baseline 0 0"><span class='ocrx_word' id='word_1_375' title='bbox 720 2971 748 3012; x_wconf 82' lang='lat'>15</span> 
     </span>
    </p>
   </div>
   <div class='ocr_carea' id='block_1_9' title="bbox 0 0 1017 3193">
    <p class='ocr_par' dir='ltr' id='par_1_11' title="bbox 0 0 1017 3193">
     <span class='ocr_line' id='line_1_46' title="bbox 0 0 1017 3193; baseline 0 0"><span class='ocrx_word' id='word_1_376' title='bbox 0 0 1017 3193; x_wconf 95' lang='lat' dir='ltr'> </span> 
     </span>
    </p>
   </div>
  </div>
 </body>
</html>
