2017 3193
848 86 896 132 '227

165 212 216 250 Pari
233 211 293 248 modo
311 223 351 248 non
369 213 405 250 abs
423 224 447 248 re
465 212 515 255 erit,
533 211 687 260 poenitentibus
703 209 833 248 devotionem
847 221 898 258 erga

93 273 184 309 Sanctos
197 272 292 307 suadere.
315 273 423 316 „Intuere
442 270 471 306 ait
482 271 704 319 ThomasaKempis,
723 277 846 307 sanctorum
858 270 898 305 Pa-

92 337 147 368 trum
163 329 233 365 vivida
252 331 354 378 exempla,
371 331 392 366 in
411 329 484 378 quibus
502 340 553 363 vera
569 330 671 376 perfectio
683 330 768 365 refulsit
780 334 802 365 et
814 327 898 376 religio.

92 391 139 433 Heu
151 389 198 444 quid
210 395 243 430 est
253 390 297 432 rita
308 397 386 440 nostra,
399 391 417 430 si
428 389 470 429 illis
484 387 546 428 fuerit
558 395 678 442 comparata
686 389 703 427 Ψ
713 387 731 439 ¹]
744 388 835 430 Etiamsi
847 398 899 426 vero

93 457 194 500 Sanctos,
212 457 284 506 quibus
303 458 407 496 Ecclesia
418 451 495 493 cultum
514 453 642 504 assignavit,
663 454 683 490 in
702 467 780 505 genere
799 452 899 493 venerari

93 523 154 565 atque
168 528 237 553 eorum
250 520 329 555 sectari
343 517 437 566 vestigia
449 521 469 551 et
482 514 585 563 suffragia
597 514 712 562 deposcere
731 516 804 552 deceat
816 523 837 552 et
847 516 899 552 utile

93 576 130 611 sit:
149 575 234 611 multum
245 583 314 613 tamen
326 575 418 623 expedit,
443 573 561 610 exitiorum
573 585 670 615 numero,
688 585 750 609 unum
763 581 853 617 certum,
865 574 900 610 vel

92 623 163 687 plures
175 641 273 686 patronos
285 635 389 688 seligere,
408 644 494 684 quornm
508 632 551 669 vita
568 632 629 682 plura
646 638 750 669 momenta
767 632 899 677 imitationis,

93 699 216 739 hortaminis
234 708 255 739 et
272 700 342 739 solatii
359 699 435 744 offert5
453 704 514 749 atque
532 696 615 736 illorum
630 695 674 746 jam
686 695 776 736 virtutes
796 694 901 749 singulari

94 762 161 798 studio
172 763 262 806 imitari,
279 768 311 805 nt,
328 767 391 809 prout
401 760 443 808 ipsi
453 760 568 809 imaginem
580 759 670 802 Christi,
687 759 717 796 ita
736 765 756 795 et
774 771 812 796 nos
826 758 901 809 imagi·

94 832 140 856 nem
151 820 233 857 illorum
244 822 265 856 in
276 820 336 856 nobis
349 821 489 855 efformemus,
506 818 590 855 Etenim
605 823 660 855 teste
676 819 806 865 experientia
820 824 862 855 tanr
878 818 903 854 ad

94 879 253 918 conversionem
270 878 402 929 peccatoris,
422 888 481 927 qnam
499 876 524 914 ad
541 877 661 914 uberiorem
672 877 758 914 virtutis
773 877 902 926 profectum,

95 945 162 984 cultus
174 943 313 989 Sanctorum,
330 940 438 994 principiis
457 946 518 993 atque
537 939 644 982 doctrinae
656 939 767 980 Ecclesiae
786 938 901 981 catholicae

94 1018 241 1056 usquequaque
253 1017 367 1048 consonus,
383 1005 493 1053 plurimum
506 1004 612 1047 conducit,
628 1010 692 1052 prout
701 1004 734 1041 rei
748 1011 824 1041 natura
840 1005 902 1041 etiarn

95 1070 252 1102 commonstrat.

169 1122 307 1170 Quamobrem
320 1122 403 1160 illorum
415 1122 594 1160 confessariorum
605 1134 665 1160 usum
678 1122 794 1171 approhare
809 1134 847 1171 par
863 1127 903 1166 est,

96 1186 131 1248 qni
141 1198 203 1226 unum
219 1198 244 1225 ex
256 1185 382 1226 Sanctorum
395 1197 481 1226 numero
492 1183 587 1237 sicopolis
597 1183 721 1232 iriensibus,
739 1183 758 1224 si
769 1196 840 1224 rerum
856 1188 904 1225 con·

96 1251 146 1286 ditio
158 1251 210 1294 fert,
224 1250 379 1298 poenitentibus
390 1255 517 1297 proponunt,
535 1250 594 1297 cujus
606 1249 723 1298 patrocinio
735 1262 776 1287 non
788 1256 868 1287 tanturn
880 1262 903 1286 se

96 1320 156 1345 mane
168 1314 190 1344 et
199 1320 288 1356 vespere
302 1309 454 1352 commendent,
467 1309 504 1345 sed
516 1314 536 1344 et
546 1310 636 1345 virtutes
648 1309 727 1345 imitari
738 1309 842 1345 studeant.

97 1428 147 1464 Utile
156 1437 232 1474 quoque
242 1428 280 1464 erit
288 1425 429 1475 poenitentibus
439 1427 461 1463 ad
472 1427 606 1464 conversionis
616 1430 636 1463 et
645 1426 724 1463 virtutis
734 1425 818 1462 studium
827 1435 904 1472 promo·

123 1481 216 1520 vendunt,
228 1481 245 1513 sl
258 1490 294 1522 pro
308 1480 403 1514 defunctis
417 1481 434 1513 in
447 1481 560 1524 purgatorio
570 1490 640 1524 preces
650 1479 774 1523 persolvant,
788 1479 905 1522 praesertim

122 1537 158 1568 pro
171 1528 206 1566 iis,
220 1529 252 1569 qui
261 1532 342 1569 peccato
352 1529 416 1569 aliquo
426 1529 538 1561 consimiles
547 1529 603 1560 nobis
616 1529 697 1567 suerint,
711 1530 743 1560 vel
756 1528 825 1568 quibus
840 1538 906 1560 ansam

122 1573 159 1615 ipsi
169 1574 279 1605 dederimus
289 1574 312 1605 ad
321 1575 448 1616 peccandum,
459 1578 479 1606 et
488 1576 545 1607 rnodo
556 1584 629 1616 poenas
639 1574 657 1607 in
666 1576 779 1615 purgatorio
788 1576 848 1606 luant.

369 1724 389 1774 5.
409 1723 484 1776 Lectio
505 1723 640 1792 spiritualis,

175 1854 192 1909 ξ.
207 1851 256 1894 151.
274 1855 331 1893 Inter
348 1857 441 1895 remedia
457 1864 593 1907 peccatorum
605 1864 626 1896 et
636 1857 721 1895 virtutis
734 1858 827 1896 subsidia
844 1857 907 1896 lectio

101 1919 217 1974 spiritualis
229 1919 359 1960 recensenda
369 1920 432 1960 venit.
455 1920 515 1962 Hanc
527 1934 599 1961 ornnes
612 1919 766 1967 commendant,
784 1919 845 1976 idque
859 1920 908 1973 jure

101 1985 189 2027 merito,
207 1995 253 2020 cum
264 1984 328 2020 multo
340 1984 423 2021 facilius
436 1986 473 2029 sit,
491 1985 589 2029 aliorum,
609 1986 643 2035 qui
660 1985 738 2023 virtute
754 1986 908 2029 excelluerunt,

102 2054 177 2078 sensus
189 2048 210 2077 et
222 2042 328 2091 cogitatus
341 2044 434 2090 assequi,
457 2056 516 2091 quarn
535 2046 617 2081 eosdem
635 2045 657 2080 in
676 2045 788 2091 semetipso
808 2045 908 2080 excitare.

101 2100 161 2139 Libri
172 2100 293 2150 spirituales
305 2107 354 2138 sunt
363 2102 421 2139 velut
432 2102 483 2139 muti
496 2102 663 2148 concionatores,
676 2103 750 2152 quinti
762 2103 837 2140 minori
848 2115 909 2140 vere-

102 2164 176 2206 cundia
188 2170 209 2203 et
220 2164 321 2216 strepitu,
333 2164 363 2205 ita
374 2165 449 2217 majori
460 2165 581 2219 plerumque
594 2166 665 2207 fructu
677 2165 739 2205 etiam
752 2165 868 2205 audiuntur.
881 2163 910 2205 Hi

102 2229 164 2266 finem
176 2229 294 2272 ostendunt,
307 2229 332 2265 ad
344 2241 403 2276 quem
415 2229 467 2267 facti
479 2242 557 2274 sumus,
570 2237 591 2268 et
603 2243 641 2280 quo
653 2231 674 2267 in
686 2231 786 2267 terrestri
797 2230 837 2268 hac
849 2242 910 2279 pere-

103 2288 220 2336 grinatione
239 2298 310 2322 omnes
323 2293 409 2322 conatus
421 2289 489 2324 nostri
503 2290 616 2325 collineare
628 2290 726 2331 debeant:
743 2290 839 2335 pericula
850 2290 910 2325 nobis

104 2353 125 2383 et
135 2345 225 2383 hostiurn
236 2344 322 2382 insidias
335 2345 445 2396 detegunt,
463 2346 611 2383 efficacissima
623 2347 697 2383 salutis
709 2347 776 2383 media
788 2347 873 2391 docent,
891 2354 912 2384 et

103 2415 250 2463 praeterquam
262 2407 315 2461 quod
326 2407 454 2449 intellectum
466 2408 578 2458 instruant,
587 2409 649 2449 ctiam
662 2408 741 2449 animus
754 2422 780 2449 ex
792 2409 828 2449 tali
839 2408 912 2450 lectio-

104 2486 130 2512 ne
141 2474 242 2524 piissimis
254 2474 350 2511 sensibus
361 2474 435 2519 imhui,
455 2480 475 2512 et
487 2475 511 2512 ad
522 2475 621 2512 virtutem
631 2474 768 2513 vehementer
780 2474 867 2513 accendi
879 2487 912 2512 so-

102 2534 136 2569 let.
154 2534 194 2570 His
207 2534 270 2569 armis
281 2535 332 2570 vitia
345 2536 520 2581 comprimentem
537 2536 569 2571 his
588 2536 692 2571 alimentis
709 2537 799 2572 virtutes
819 2537 912 2572 nutriun-

101 2595 142 2627 tur.
166 2592 188 2629 S.
204 2593 335 2642 Augustinus
353 2604 390 2640 per
402 2593 514 2630 lectionem
526 2594 656 2642 spiritualem
669 2594 693 2630 ad
704 2595 772 2630 Deum
784 2606 807 2630 se
820 2605 909 2631 conver-

102 2654 147 2690 tere
159 2653 238 2707 coepit,
251 2659 272 2694 et
284 2652 306 2694 S.
319 2652 425 2709 ignatius,
440 2653 460 2695 io
472 2654 639 2710 propugnatione
650 2654 812 2707 Panrpelonensi
824 2659 912 2707 accepto

101 2715 185 2754 vulnere
197 2720 294 2769 graviter
306 2720 443 2765 decumbens,
464 2732 489 2758 cx
506 2720 591 2770 piorum
602 2721 705 2760 librorum
716 2721 835 2759 lectionead
849 2720 911 2759 chri-

104 2775 131 2811 sti
143 2775 309 2827 Sanetorumque
321 2781 413 2830 vestigia
422 2782 535 2829 premenda
545 2783 670 2820 mirabiliter
683 2783 769 2819 exarsit.

133 2905 148 2948 ²)
161 2902 214 2938 nior.
229 2906 246 2940 1.
262 2916 279 2942 c.
295 2909 324 2943 18.
728 2958 770 3004 15*
