2056 3193
166 83 210 125 164

163 198 245 245 briare,
263 199 364 236 neminem
380 197 512 242 calumniari,
531 199 608 236 nullam
625 196 737 236 vindictam
755 200 853 239 anhelare
871 199 930 244 licet3
948 199 969 236 id

164 262 218 300 enim
229 262 269 300 Dei
283 266 394 310 praecepto
410 260 552 299 adversatur?
568 260 675 311 Ejusmodi
686 265 796 301 sententiis
809 262 921 302 moralibus
936 270 969 301 sat

164 325 266 376 languidis
281 336 340 360 nemo
354 325 549 363 consuetudinarios
561 330 660 375 peccator
673 326 804 372 concutitur,
825 335 845 366 et
862 326 886 364 ad
897 339 969 365 veram

163 385 309 436 poenitentiam
321 385 417 437 vitaeque
426 386 725 436 emendationemperducitur.
740 387 888 429 Cotrfessarius
901 396 969 428 utatur

163 447 254 485 oraculis
267 454 287 485 et
299 449 400 499 exemplis
413 449 435 487 S.
456 451 591 499 Scripturae,
607 461 657 499 quae
674 449 714 485 Dei
729 449 795 498 ipsius
808 454 872 490 verba
884 459 938 498 sunt,
950 458 970 489 11

163 521 243 546 summa
261 512 387 549 auctoritate
400 518 486 556 ornata,
500 524 551 561 quae
563 512 647 560 insuper
660 510 714 547 vitae
726 511 853 559 plenitudiue
872 516 969 567 gaudent,

162 576 183 607 et
193 570 215 608 vi
231 584 322 621 superna
336 573 474 617 illuminandi,
495 573 588 610 suaviter
600 572 705 617 movendi,
717 571 852 612 vehementer
869 588 969 627 conquas·

163 633 223 670 sandi
234 633 331 671 indurata
343 634 407 671 corda
418 639 553 682 peccatorum
566 634 679 685 insigniter
690 634 774 683 pollent.

236 691 261 742 3]
274 695 427 732 instructiones
436 700 456 731 et
468 694 617 732 admonitiones
626 695 760 740 confessarii,
773 696 842 734 indoli
851 702 968 748 poeniten-

162 759 191 793 tis
201 756 338 793 intellectuali
350 762 371 793 et
383 756 466 801 morali,
481 768 519 794 nee
531 769 571 793 non
583 759 652 794 staret
663 759 734 807 ipsius
751 763 837 796 externo
853 771 968 810 usquequa·

162 830 200 867 que
218 818 260 855 sint
275 817 418 868 attrepidate.
438 818 482 854 Non
500 818 554 855 enim
566 830 606 855 una
622 818 745 868 eademque,
762 819 790 856 ait
810 820 832 858 S.
849 820 968 872 Gregorius

161 880 198 924 bl,
211 879 292 917 cunetis
306 879 423 917 exhortatio
437 880 544 930 congruit,
557 880 604 929 quia
616 892 653 918 nec
667 886 753 918 cunctos
765 893 803 930 par
815 883 890 919 mentis
904 884 969 932 quali-

162 946 194 978 tas
210 941 329 992 adstringit.
345 941 413 978 Aliter
429 954 475 979 omn
488 941 581 993 magnis,
598 954 657 992 quam
677 955 722 980 cmn
740 943 826 992 plebejis
841 943 969 989 hominibuS,

162 1003 222 1040 aliter
235 1016 280 1041 cum
293 1002 359 1040 doctis
373 1009 393 1040 et
405 1003 520 1054 igenuosis,
534 1016 593 1053 quam
606 1016 651 1041 cum
663 1004 753 1042 indoctis
768 1011 788 1041 et
799 1005 896 1050 rudibus,
909 1006 970 1043 aliter

162 1076 208 1101 cum
221 1064 342 1102 exercitatis
357 1064 378 1100 in
397 1065 460 1101 rebus
476 1065 630 1113 spiritualibus,
650 1078 709 1114 quam
727 1066 884 1111 inexercitatis,
909 1067 969 1104 aliter

162 1138 208 1164 cum
225 1125 336 1164 cholericis
356 1131 377 1162 et
387 1125 557 1175 impatientibus,
570 1126 631 1163 aliter
648 1139 693 1164 cum
705 1127 744 1171 iis,
764 1128 797 1177 qui
815 1129 886 1165 sedato
903 1134 969 1177 etpa-

161 1187 221 1225 tienti
232 1193 281 1225 sunt
293 1187 367 1232 animo,
380 1187 440 1224 aliter
453 1200 499 1225 cum
511 1187 641 1238 sanguinicis
652 1194 673 1224 et
683 1187 837 1238 phlegmaticis‚
851 1190 911 1226 aliter
924 1202 969 1227 cum

161 1248 316 1286 melancholicis
332 1254 353 1284 et
364 1248 494 1297 scrupulosis
510 1248 612 1299 ageradurn
632 1255 672 1292 est,
692 1248 738 1285 dnm
749 1248 882 1287 instruuntur
903 1250 969 1287 etad·

162 1316 277 1346 monentur.
292 1309 377 1346 Pariter
391 1309 451 1346 aliam
467 1310 542 1360 agendi
554 1309 656 1346 rationem
671 1309 730 1346 ineas
743 1316 825 1358 oportet
840 1324 885 1348 cum
904 1323 968 1359 puero

162 1370 277 1418 etjuvene,
291 1383 336 1408 cum
348 1370 393 1406 viro
407 1376 427 1407 et
439 1382 499 1415 senc,
519 1371 580 1407 aliam
593 1383 639 1408 1111
650 1370 743 1415 infirmo,
762 1371 822 1408 aliam
836 1384 881 1409 cum
894 1384 967 1420 pecea-

161 1437 207 1467 tore
222 1443 283 1475 sano,
298 1437 320 1468 ut
336 1437 426 1475 taceam,
446 1431 486 1468 alia
506 1431 622 1468 hortamina
638 1432 703 1468 danda
719 1443 766 1468 esse
781 1432 850 1482 1111111,
873 1432 967 1476 moniali,

161 1492 320 1536 ecclesiastico,
332 1497 478 1540 praeterquam
492 1492 544 1540 quod
556 1492 672 1529 adhortatio
685 1492 770 1541 quaevis
782 1498 868 1540 peccato
884 1492 969 1529 cuilibet

161 1552 189 1589 sit
200 1552 266 1601 priva.
279 1552 354 1589 Deliis
367 1553 461 1589 omnibus
473 1552 519 1589 vide
533 1552 590 1590 Seet.
603 1555 628 1590 ll.
642 1554 665 1590 de
680 1553 789 1602 principiis
804 1553 937 1602 specialibus.

234 1610 260 1661 4)
272 1615 343 1663 Aeque
356 1613 417 1651 simul
436 1614 545 1663 optandum
563 1620 606 1659 est,
619 1620 641 1652 ut
652 1614 803 1652 instructiones
817 1620 837 1651 et
849 1614 969 1652 admonitio·

161 1687 198 1712 nes
209 1678 272 1724 penio
282 1677 338 1725 sesti
350 1677 541 1727 confessionisque
556 1679 648 1727 tenapori
662 1678 797 1714 1111111111.
811 1676 915 1724 Mysteria
928 1682 970 1713 ete-

161 1736 201 1775 nim
214 1737 331 1789 Religionis
346 1744 444 1784 nostrae,
462 1750 514 1789 quae
531 1751 568 1789 per
586 1739 632 1776 anni
649 1738 750 1777 circulum
768 1738 828 1776 statis
841 1737 969 1789 temporibus

161 1801 307 1845 celebrantur,
322 1814 361 1839 non
374 1814 444 1839 merae
457 1808 505 1840 sunt
515 1802 674 1840 recordationes
687 1808 841 1847 anteactorum,
860 1801 897 1839 sed
909 1801 970 1838 simul

161 1871 264 1902 momenta
277 1864 392 1902 divinarum
407 1865 537 1916 gratiarum,
551 1877 601 1915 quas
614 1865 634 1902 in
647 1877 718 1902 eornm
731 1864 873 1903 celebratione
889 1863 969 1913 specia-

161 1926 197 1964 tim
211 1927 326 1977 appetimus
339 1933 360 1964 et
371 1926 391 1964 in
403 1919 463 1964 usum
477 1927 625 1965 convertimus.

160 2010 211 2051 „Dic
229 2011 367 2044 Kirchenleste
382 2012 461 2044 werden
479 2011 497 2043 in
516 2012 549 2044 der
562 2011 696 2044 katholischen
711 2010 781 2043 Kirehe
794 2011 846 2043 nieht
863 2010 891 2042 als
905 2009 970 2042 hlosse

185 2060 330 2103 Erinnernngen
340 2070 362 2092 an
373 2060 402 2093 dic
413 2061 430 2093 in
441 2060 475 2093 der
490 2061 533 2092 Zeit
543 2070 664 2103 ergangenen
675 2060 809 2092 Gehehnnisse
819 2060 911 2102 gefeiert:
926 2069 970 2091 son-

186 2109 231 2142 dern
246 2110 306 2142 durch
320 2110 361 2142 ihre
377 2110 434 2142 Feier
448 2109 485 2141 soll
498 2110 531 2142 der
547 2110 629 2142 hlenseh
643 2110 672 2142 die
686 2119 707 2140 an
721 2109 775 2141 diese
793 2110 839 2141 Acte
850 2109 921 2141 Gottcs
938 2118 970 2150 ge·

184 2158 277 2201 knupften
288 2160 367 2191 Gnaden
377 2159 419 2190 sich
430 2159 534 2204 11111111ὃ
546 2160 563 2191 11
573 2159 640 2191 Besitz
650 2158 911 2200 undAnsp1·nclrnelnnen‚“

234 2233 283 2269 ι1111
295 2246 320 2270 ex
332 2233 370 2270 hae
382 2239 441 2282 parte
458 2234 574 2270 consultum
594 2239 636 2282 est,
651 2238 673 2269 ut
689 2232 832 2269 confessarius
850 2233 870 2269 in
891 2232 970 2268 instru-

162 2294 264 2331 ctionibus
277 2301 297 2331 et
309 2295 481 2332 admonitionibus
493 2295 607 2343 poenitenti
619 2294 739 2331 adhibendis
751 2294 853 2330 lestornm
870 2293 970 2330 eeclesia·

162 2355 262 2392 sticorum
277 2362 396 2405 respectum
413 2362 490 2393 teneat.
507 2356 529 2393 ld
545 2356 612 2404 ipsum
629 2367 708 2405 quoque
728 2356 820 2404 postulat
841 2354 970 2403 exspectatio

162 2417 323 2464 poenitentium,
339 2417 373 2467 qui
388 2418 449 2454 festis
465 2418 576 2455 Ecclesiae
589 2417 613 2454 ad
626 2417 763 2454 confitendum
781 2422 802 2453 et
814 2416 837 2453 S.
854 2417 876 2453 S.
889 2414 970 2452 Eucha-

162 2477 243 2514 ristiam
258 2480 379 2516 sumendam
394 2479 530 2523 inducuntur,
547 2479 635 2527 quinimo
653 2491 677 2514 ea
695 2483 763 2514 mente
779 2490 862 2514 sacrum
881 2477 971 2513 tribunal

162 2539 272 2584 accedunt,
289 2538 695 2588 1111111111,1111111111111111
712 2538 743 2575 die
764 2539 824 2581 colit,
844 2550 867 2574 eo
888 2537 971 2588 dignius

162 2599 310 2636 concelebrare
323 2600 410 2649 possint,
429 2602 455 2636 Et
469 2612 528 2649 quam
545 2600 658 2650 insigniter
673 2599 820 2636 instructionis
843 2604 862 2634 et
881 2598 970 2636 admoni-

161 2659 224 2696 tionis
236 2661 341 2710 negotium
349 2661 400 2699 hacc
413 2661 514 2710 temporis
524 2656 620 2709 adjuncta
632 2661 737 2709 adjuvant!
750 2659 885 2696 Paenitentes
897 2660 971 2697 saltem

161 2720 229 2770 aliquo
246 2721 304 2757 modo
321 2729 388 2759 niente
400 2722 522 2772 praeparati
537 2734 559 2759 se
576 2723 663 2766 sistunt;
683 2720 825 2758 confessarius
842 2732 892 2757 vero
912 2721 971 2770 copia

161 2782 243 2821 dicendi
259 2782 395 2829 1111111111,
413 2785 465 2834 quod
480 2784 527 2821 inde
544 2784 653 2821 materiam
666 2795 723 2820 suam
736 2781 828 2826 hauriat3
845 2794 896 2832 quae
917 2782 971 2820 ratio

161 2857 184 2882 eo
198 2844 266 2896 magis
279 2845 335 2881 valet
347 2845 399 2894 apud
412 2858 454 2891 eost
468 2846 502 2895 qni
515 2846 636 2895 frequenter
649 2843 827 2884 confessariorum
838 2844 924 2892 pedibus
937 2844 971 2880 ad-

161 2907 279 2945 volvuntur.
