2056 3193
157 82 201 126 tab

156 201 253 239 occidunt
264 201 356 251 pigrum.
374 199 485 236 noluerunt
497 200 541 247 ejus
554 211 626 237 manus
639 199 748 248 quidquam
763 200 856 249 operari,
874 205 917 236 tota
929 199 961 237 die

155 262 282 309 concupiscit
299 266 318 295 et
337 258 488 306 desiderat’'¹].
508 260 550 298 vla‘ed
567 261 602 296 illa
621 260 707 307 exsequi
718 272 757 298 uon
771 259 961 306 canaam-chostem

156 323 260 360 absentem
279 326 389 368 provocat,
407 328 540 370 praesentem
562 321 623 372 fugit.
638 319 690 357 Vult
705 327 725 357 et
740 324 836 360 nonvult
853 322 920 373 piger.
938 321 960 359 S.

154 381 284 432 Augustinus
303 381 340 418 has
359 382 443 420 lmmani
468 384 537 421 cordis
556 383 645 420 astutias
663 381 682 418 in
705 394 728 419 se
747 382 792 430 ipso
812 384 889 422 detexit
901 389 921 420 et
941 383 961 420 in

154 444 205 480 libro
220 442 405 490 [11111155511111111112]
425 444 537 494 descripsit
548 445 573 480 iis
592 443 692 488 uocibus,
710 455 762 493 quae
778 443 885 496 hueusque
900 445 961 482 dictis

153 507 219 542 lucem
236 506 332 543 afferent.
351 506 601 545 11111115115511151151111111
616 512 636 543 et
652 517 716 555 quare
728 505 798 543 istud?
813 507 905 557 Imperat
920 507 961 545 aui·

154 579 200 605 mus
220 568 305 618 corpori
327 575 347 606 et
366 575 452 619 paretur
470 569 551 614 statim,
568 568 658 619 imperat
676 568 756 607 animus
770 568 819 614 sibi,
840 576 860 607 et
880 571 961 609 resisti-

153 630 208 668 tur?7
221 633 248 668 Et
260 644 284 669 ne
297 631 378 669 dicatur
390 631 422 669 his
434 631 454 668 in
467 631 612 670 occasionibus
624 630 702 682 frigide
720 631 787 675 velte,
805 631 861 669 addit
879 644 902 670 se
918 634 961 682 plu-

152 693 205 730 rima
218 699 339 731 exsecutum
351 706 409 738 esse,
429 705 480 742 quae
499 706 538 731 uon
557 695 682 743 aptabantur
694 707 718 732 ae
729 694 774 743 ipso
792 693 863 731 eodem
878 695 962 740 ardore,

154 767 192 804 quo
206 766 243 791 sua
256 755 379 792 conversio:
399 756 465 794 „ram
477 756 541 792 nmlta
553 755 607 800 feci,
620 755 655 793 ubi
665 755 705 793 hoc
717 767 757 792 nou
770 762 816 792 erat
827 756 894 799 velle,
910 757 962 805 quod

152 827 222 864 posse,
242 822 263 852 et
277 828 316 852 uon
333 816 446 860 faciebam,
464 817 516 865 quod
535 817 694 866 incomparabili
709 818 785 853 affectu
800 816 850 853 mihi
868 817 963 865 placebat

154 876 262 924 amplius’*
277 876 336 913 Dicit
353 872 437 928 magna,
462 878 535 926 quibus
556 878 675 928 flagrabat,
693 877 838 915 conversionis
859 889 909 914 suae
928 877 962 914 de-

154 936 232 974 sideria
244 937 356 981 effecisse,
368 944 390 974 ut
403 938 462 975 modo
475 945 548 976 contra
561 950 583 974 se
595 938 663 987 ipsura
674 938 833 988 imlignaretur,
851 937 904 987 quod
917 943 962 975 tan-

154 998 198 1035 dem
217 1010 256 1034 non
273 1005 424 1047 exsequeretur
444 999 490 1036 illa:
509 1001 569 1049 „Ego
582 999 696 1036 fremebam
708 998 783 1048 spiritu
794 999 906 1049 indignans
918 1005 962 1035 tur-

153 1058 299 1095 buleutissima
310 1058 462 1109 indignatione,
481 1060 531 1109 quod
550 1072 590 1096 raon
608 1061 661 1097 irem
674 1060 693 1096 iu
709 1059 820 1108 placitum,
838 1066 859 1096 et
879 1066 962 1107 pactum

153 1126 222 1156 tecum
233 1120 292 1156 Deus
305 1120 386 1156 meus:’⁷
401 1126 422 1156 51
432 1121 491 1157 modo
504 1133 601 1170 maguam
613 1122 754 1167 lacrymarum
773 1120 852 1168 copiam
871 1120 961 1156 effunde·

153 1185 196 1216 ret:
210 1181 250 1217 „tn
263 1180 331 1217 dimisi
342 1180 434 1217 habenas
446 1181 553 1229 lacrymis,
566 1187 586 1217 et
597 1187 739 1229 proruperunt
750 1180 835 1217 flumina
854 1181 961 1217 oculorum

153 1252 256 1285 meorumg
276 1240 391 1277 sentiebam
410 1241 462 1277 euim
474 1254 506 1278 me
519 1242 543 1278 ab
555 1242 581 1277 iis
599 1241 743 1290 iniquitatibus
759 1241 839 1284 teneri,
859 1247 879 1278 et
893 1241 961 1288 jacta-

154 1302 200 1338 bam
215 1313 278 1339 voccs
287 1301 428 1338 miserabiles:
441 1301 541 1349 Quamdiu
551 1303 555 1338 1
565 1301 665 1349 Quamdiu
673 1302 691 1338 1”
700 1324 730 1328 —
737 1301 837 1339 Dircctor
845 1301 961 1351 spiritualis

152 1375 225 1411 parum
237 1363 318 1405 scitus,
335 1375 413 1400 moram
428 1362 481 1401 hanc
493 1363 573 1400 referet
585 1369 692 1412 acceptam
704 1363 833 1406 infirmitati,
846 1362 883 1399 sed
899 1363 961 1412 longe

153 1424 194 1461 alia
206 1430 239 1461 est
251 1423 273 1462 S.
287 1424 400 1475 Augustini
411 1425 528 1470 sententia,
545 1424 621 1462 ibidem
633 1424 706 1473 quippe
718 1423 760 1462 loci
771 1423 863 1469 fatetur,
875 1423 929 1461 hane
940 1424 961 1460 in

154 1498 190 1530 55,
208 1498 247 1523 nou
259 1498 321 1524 secus
335 1486 390 1525 acin
404 1486 461 1532 aliis,
475 1487 539 1537 quiin
553 1487 624 1525 eodem
636 1492 693 1524 statu
705 1492 828 1531 vorsantur,
843 1498 882 1524 non
895 1485 961 1523 fuisse

152 1547 301 1594 infirmitatem,
314 1549 350 1586 sed
363 1549 435 1598 plenae
449 1549 587 1601 integraeque
604 1549 719 1587 voluntatis
731 1548 841 1587 defectum.
865 1548 923 1588 „hon
936 1561 961 1586 511

152 1617 195 1648 toto
207 1612 261 1656 uult,
279 1623 317 1648 non
338 1624 389 1662 ergo
408 1623 433 1648 ex
445 1618 488 1650 toto
507 1613 605 1661 imperat,
622 1624 669 1649 nam
689 1612 709 1649 in
725 1617 804 1649 tantum
822 1611 922 1661 imperat,
940 1611 960 1647 iu

153 1679 250 1722 quantum
268 1675 318 1711 rult.
341 1674 386 1711 hon
405 1674 476 1723 ntique
494 1675 555 1724 plena
571 1675 667 1724 imperat¹
685 1674 731 1711 ideo
743 1686 782 1711 nou
795 1679 841 1718 est,
859 1673 912 1723 quod
923 1672 960 1710 1111-

153 1738 218 1783 perat.
238 1736 282 1772 hon
300 1735 366 1786 igitur
384 1742 499 1773 nieustrunr
514 1736 590 1785 partim
601 1736 663 1780 velle,
675 1736 751 1784 partim
764 1735 828 1780 nolle:
842 1734 878 1772 sed
890 1734 960 1785 aegri-

153 1795 199 1833 tudo
212 1797 274 1834 animi
280 1804 318 1842 est,
332 1797 379 1847 quia
390 1798 592 1849 nontotusassurgit
603 1797 693 1835 veritate
706 1797 836 1842 sublevatum,
849 1802 960 1835 consuctu-

152 1858 197 1895 dine
208 1859 382 1909 p1·aegrauatus.”
962 1897 964 1899 .

225 1922 257 1956 Ex
269 1920 330 1957 dictis
342 1920 408 1970 igitur
424 1926 465 1956 tam
477 1920 546 1967 hujus,
564 1932 624 1968 quam
640 1918 786 1967 praecedentis
802 1918 910 1969 paragrafi
925 1931 960 1967 pa-

151 1986 186 2023 tet,
205 1980 252 2028 quid
268 1981 291 2017 de
308 1981 415 2029 proposito
433 1981 559 2017 censendum
576 1980 603 2016 sit
614 1979 677 2023 illius,
696 1979 761 2028 quiin
774 1979 845 2016 eadem
857 1979 959 2017 relabitur

150 2047 242 2089 peccata.
261 2042 365 2088 Relapsus
377 2042 397 2077 in
410 2040 481 2076 eadem
494 2047 581 2089 peccata
597 2039 679 2076 minime
696 2046 728 2076 est
743 2039 827 2089 siguum
844 2039 959 2084 sufficiens,

150 2113 189 2137 non
203 2101 295 2137 adfuisse
308 2102 390 2137 firnunn
403 2101 534 2150 debitumque
546 2101 683 2149 propositum,
702 2100 749 2149 quia
762 2099 892 2148 experientia
904 2112 958 2136 com·

149 2167 231 2209 partum
248 2168 291 2205 551,
309 2174 346 2197 nos
364 2162 432 2198 serias
449 2162 511 2198 etiam
527 2167 547 2197 et
561 2161 633 2198 firmas
649 2160 716 2209 aliquo
732 2167 826 2208 tempore
841 2160 959 2197 voluntates

151 2221 235 2258 mutatis
254 2222 419 2260 circumstantiis
432 2234 534 2270 persaepe
552 2221 669 2258 immutare.
681 2223 708 2258 Et
727 2220 772 2270 quis
785 2221 866 2265 nescit,
883 2232 958 2268 propo-

149 2282 211 2320 situm
224 2295 270 2320 esse
284 2289 353 2320 actum
364 2283 485 2328 voluntatis,
503 2295 543 2332 qua
554 2282 605 2319 nihil
616 2282 783 2319 inconstantius?
795 2283 827 2319 Ex
842 2280 958 2329 hujusmodi

149 2343 290 2381 inconstantia
301 2344 334 2388 fit,
349 2351 381 2389 ut,
399 2356 451 2393 quae
466 2343 514 2381 heri
531 2343 630 2381 detestati
642 2355 724 2387 sumus,
740 2334 816 2380 iterum
834 2342 895 2379 hodie
910 2353 957 2390 per-

149 2410 261 2453 petremus.
275 2405 332 2443 Unde
351 2405 373 2443 S.
392 2404 484 2443 Thomas
504 2405 542 2443 ait:
561 2404 698 2444 „Sicutvere
711 2403 818 2449 cucurrit,
836 2403 871 2454 qui
885 2408 958 2451 postea

150 2465 217 2511 sedet,
234 2468 263 2506 ita
274 2480 325 2505 vere
338 2467 452 2517 poenituit,
465 2467 499 2518 qui
511 2473 584 2517 postea
596 2464 715 2517 peccal³⁷³].
734 2467 785 2504 ham
796 2466 910 2516 poenitens·
920 2477 957 2514 per

149 2529 241 2581 gratiam
254 2531 388 2570 §aeramenti
399 2542 439 2568 nou
451 2530 545 2568 redditur
559 2529 708 2580 impeccabilis¹
722 2552 751 2557 -
762 2529 876 2567 Fatendum
888 2533 957 2566 tamen

150 2598 196 2636 est,
212 2593 350 2644 frequentem
361 2594 467 2642 relapsmn
479 2593 498 2630 in
512 2592 582 2630 eadem
594 2598 682 2642 peccata
698 2590 885 2641 1(1111111111111111111111
898 2602 957 2636 esse,

149 2665 187 2693 cur
193 2662 345 2702 praesumatur,
353 2656 411 2704 prius
420 2654 512 2691 defuisse
519 2654 726 2703 aaracrnpropositum
732 2652 813 2704 plenae
818 2655 958 2704 intcproeqne

147 2715 261 2754 voluntatis
274 2728 320 2753 sese
333 2715 461 2754 emendandi.
479 2716 535 2753 Unde
552 2715 642 2765 quotidie
658 2716 764 2764 poenitere
778 2720 798 2750 et
816 2714 840 2751 ad
859 2715 956 2751 votuitum

147 2777 219 2815 redire
227 2789 295 2827 genus
307 2777 410 2815 irrisionis
424 2783 463 2821 est,
478 2789 537 2826 quam
550 2788 573 2813 an
587 2776 709 2826 etquamdiu
722 2774 887 2827 patientissimus
900 2776 957 2813 etad

145 2866 312 2875 *θ*

172 2911 257 2951 11Ρ1ον.
268 2909 320 2943 xxi.
331 2910 361 2941 25.
372 2929 394 2933 —
404 2912 419 2949 2)
431 2910 477 2953 Cap.
489 2909 539 2943 Vlll.
550 2928 574 2932 —
586 2912 602 2950 ³)
617 2910 689 2944 summ.
700 2909 786 2951 theolog.
797 2909 829 2942 111.
839 2910 869 2943 81.
879 2912 915 2941 art.
928 2910 956 2942 10.
