2056 3193
171 53 199 96 76

169 167 203 206 bie
217 176 309 215 constat;
321 192 350 196 -
362 169 395 217 qui
408 175 428 205 nt
439 180 512 206 verum
525 177 659 215 asseverant,
673 173 733 220 quod,
747 173 786 210 etsi
798 184 870 210 verum
882 177 921 216 est,
936 172 976 221 ipsi

170 236 240 267 tamen
251 243 288 280 pro
301 230 351 267 falso
364 228 452 274 habent:
464 252 493 257 —-
506 232 541 280 qni
551 231 680 281 interrogati
690 233 842 271 veritatemvcl
851 232 895 281 ejus
904 244 975 269 essen-

170 291 240 327 tialem
253 289 431 328 circumstantiam
444 302 514 328 eoram
523 292 593 339 judice
605 291 702 328 reticent.
715 294 733 329 Α
744 294 896 331 reservationis
912 305 975 329 onere

169 351 268 387 immunes
291 354 350 392 sunt,
374 350 409 398 qui
425 351 560 399 promissioni
584 363 656 388 coram
680 351 751 398 jndice
770 353 854 390 sineere
872 355 939 392 laetae
956 359 977 389 et

169 414 299 447 sacramento
311 408 452 458 jurisjurandi
471 411 605 449 confirmatae
624 424 663 448 non
683 418 749 457 stant:
773 412 794 449 hi
818 414 871 451 enim
897 413 976 463 perjuri

169 469 248 519 quidem
260 468 319 515 fiunt,
332 472 369 509 sed
382 479 441 510 extra
449 471 561 520 judIeium3
574 479 607 510 ast
620 473 681 510 aliter
693 485 729 510 res
742 473 846 520 sehabet,
859 477 876 513 si
890 474 976 525 perjurii

169 537 278 579 peceatum
291 533 427 570 committitur
439 533 459 570 ln
471 534 515 582 ipso
524 533 664 582 jurisjurandi
676 541 730 572 actu.

307 654 380 708 Casus
395 653 543 724 Regularium
557 652 716 725 Superioribus
729 655 846 710 reservati.

245 781 262 835 ξ.
279 779 314 821 51.
339 783 427 831 Semper
448 789 469 820 et
484 783 544 820 enixe
560 783 616 820 eavit
631 783 754 833 Apostoliea
773 783 851 828 Sedes,
875 790 896 822 ut
916 785 977 834 pauci

167 844 223 894 iique
236 844 360 888 atrociores,
377 844 449 882 autad
465 844 602 882 christianam
618 845 748 894 disciplinam
764 845 894 883 retinendam
908 846 977 897 magis

168 905 284 944 necessarii
304 918 366 943 casus
390 906 414 942 ab
434 906 546 954 Episeopis
566 914 740 950 reservarentur,
760 913 822 955 prout
839 907 880 943 late
902 908 978 955 probat

168 967 294 1004 Benedictus
306 966 363 1004 XIV.
372 964 397 1012 ¹).
416 967 473 1004 Idem
485 980 523 1005 nee
539 967 643 1005 immerito
656 967 791 1006 constitutum
804 968 843 1004 fuit
859 968 924 1017 quoad
936 969 976 1004 Re·

168 1027 272 1080 gularium
292 1028 433 1076 Superiores,-
443 1027 613 1076 jurisdictionem
631 1029 691 1078 qnasi
709 1029 849 1077 episcopalem
867 1028 976 1073 habentes,

168 1090 202 1139 qui
219 1089 238 1125 in
258 1089 352 1126 subditos
370 1101 420 1126 suos
440 1089 540 1138 quamdam
560 1097 646 1139 peccata
669 1089 793 1128 reservandi
808 1090 857 1138 jure
877 1090 976 1141 gaudent.

168 1150 243 1187 Sanxit
253 1151 274 1186 in
286 1150 325 1187 Irae
337 1162 360 1187 re
374 1149 470 1187 Clemens
482 1151 547 1195 VIII,
566 1164 591 1188 ne
603 1152 675 1199 plnres
688 1163 749 1201 qnam
762 1140 858 1189 umleeim
874 1163 936 1188 casus
955 1150 975 1187 in

167 1210 277 1262 Religione
290 1211 398 1249 reservari
410 1217 502 1261 possent,
515 1211 556 1249 nisi
569 1212 681 1250 Generalis
691 1212 781 1261 Capituli
792 1224 829 1261 pro
839 1218 881 1249 toto
891 1211 976 1256 Ordine,

168 1279 202 1310 ant
221 1272 356 1320 provilrcialis
375 1284 413 1321 pro
431 1273 555 1317 ProvIncIa,
575 1280 657 1311 matura
675 1274 780 1311 decisione
799 1280 819 1310 et
835 1285 939 1310 consensu
949 1271 976 1319 ²).
1007 1287 1009 1289 ·

166 1334 237 1382 Neque
249 1340 318 1371 tamen
331 1346 366 1370 eos
379 1334 492 1371 adstrinxit
504 1335 528 1371 ad
541 1335 673 1373 sanciendam
690 1334 780 1372 omnium
794 1335 890 1372 nndeeim
905 1346 976 1371 reser-

165 1394 277 1432 vationem.
302 1395 356 1432 Sunt
374 1398 435 1440 vero;
459 1392 484 1442 l]
504 1396 640 1440 „Veneficio
663 1396 831 1439 incantationes,
855 1394 974 1445 sortilegia.

166 1452 192 1502 2]
204 1456 316 1504 Apostasia
329 1468 340 1492 a
351 1456 470 1506 Religione,
486 1456 530 1493 sive
543 1457 614 1494 habitu
626 1457 711 1494 dimisso
729 1456 773 1494 sive
786 1462 878 1500 retento,
896 1455 975 1504 quando

167 1529 190 1553 eo
202 1517 305 1564 pervenit,
325 1522 346 1553 ut
357 1523 418 1554 entra
430 1523 489 1565 septa
500 1517 627 1555 Monasterii
639 1530 676 1555 seu
689 1517 809 1554 Conventus
822 1517 858 1554 fiat
871 1515 974 1566 egressio.

166 1573 192 1623 3]
204 1577 312 1614 Nocturna
335 1589 358 1614 ae
381 1577 459 1614 furtiva
482 1592 492 1615 e
514 1578 644 1615 Monasterio
669 1578 714 1615 sive
738 1577 846 1614 Conventa
870 1576 974 1627 egressio.

166 1633 192 1684 4]
204 1638 327 1687 Proprietas
340 1644 413 1675 contra
424 1644 494 1675 votnm
507 1639 644 1688 paupertatis,
657 1650 709 1687 quae
722 1639 749 1675 sit
757 1645 867 1686 peceatum
879 1637 974 1674 mortale.

166 1694 192 1745 ὅ)
204 1698 350 1736 duramentum
362 1699 438 1737 falsum
449 1699 469 1736 in
477 1699 556 1747 judicio
570 1699 667 1751 regulari
683 1712 720 1737 sen
736 1698 837 1750 legitimo.
857 1695 882 1745 6]
895 1698 974 1736 Procu-

167 1760 228 1804 ratio,
240 1760 345 1805 auxilium,
358 1773 394 1798 seu
408 1761 516 1799 eonsilimn
529 1761 553 1799 ad
566 1762 661 1799 abortum
673 1760 791 1798 faciendum
803 1765 850 1808 post
862 1759 974 1796 anbnatmn

167 1821 251 1866 foetum,
264 1822 325 1859 etlam
338 1823 414 1860 effectu
426 1833 466 1858 non
481 1828 560 1860 secuto.
575 1819 606 1868 I]
618 1821 745 1859 Falsifieatio
762 1820 828 1870 sigilli
841 1832 913 1857 manus
929 1818 975 1856 offi-

167 1883 249 1921 cialium
260 1884 385 1921 Monasterii
398 1890 432 1921 aut
444 1883 570 1921 Conventus
586 1880 612 1931 8]
625 1885 711 1921 Furtum
727 1882 752 1920 de
766 1882 830 1919 rebus
845 1882 920 1919 Mones
926 1880 976 1918 terii

166 1958 204 1984 seu
216 1945 335 1984 Conventus
346 1946 367 1984 in
380 1959 405 1984 ea
417 1946 539 1997 quantitate,
551 1958 604 1996 qrrae
616 1945 644 1983 sit
654 1951 764 1996 peccatum
772 1944 867 1982 mortale.
886 1939 911 1991 9)
934 1944 974 1981 La-

167 2020 216 2058 psus
229 2008 298 2047 carnis
310 2009 440 2046 voluntarius
452 2021 516 2058 opere
528 2015 690 2047 eousnnnuatus.
705 2004 745 2054 10]
758 2006 843 2045 Occisio
858 2007 891 2044 vel
902 2006 974 2043 vulne-

166 2070 231 2116 ratio,
249 2084 287 2109 sen
299 2071 372 2122 gravis
383 2071 493 2120 percussio
506 2070 648 2121 cujuscunque
663 2082 773 2120 personae.
794 2065 834 2116 II]
846 2068 975 2106 Malitiosum

167 2133 344 2183 impedimentum,
368 2139 403 2171 ant
418 2133 545 2178 retardatio,
563 2139 598 2170 aut
618 2132 697 2182 apertio
718 2131 828 2169 literarum
843 2143 855 2167 a
874 2129 974 2179 Superio-

168 2196 225 2233 ribus
238 2196 262 2233 ad
277 2195 391 2233 inferiores
405 2202 425 2232 et
443 2195 467 2232 ab
482 2195 618 2233 inferioribus
635 2195 659 2232 ad
678 2193 821 2244 superiores.”
840 2193 873 2229 De
890 2191 923 2228 Ins
941 2190 976 2227 vix

167 2257 218 2294 alios
231 2269 306 2296 secure
320 2257 428 2301 eonsules,
446 2268 506 2306 quarn
517 2257 562 2306 pios
582 2263 602 2294 et
614 2256 707 2294 eruditos
719 2254 846 2293 Monasterii
863 2253 976 2290 Praelatos

168 2325 188 2355 et
200 2319 337 2368 Superiores,
357 2324 391 2356 ant
406 2318 440 2368 qui
451 2318 559 2366 probatius
573 2318 596 2355 de
609 2318 683 2355 iisdem
696 2317 835 2365 seripserunt.
849 2315 892 2351 Nos
903 2313 976 2362 paueiS

168 2380 293 2417 absolvimus
305 2392 356 2416 rem.
371 2378 411 2427 Qui
423 2379 524 2416 ordinarii
535 2379 674 2429 RegularIum
687 2384 735 2416 sunt
754 2375 891 2419 confessarii,
910 2387 921 2411 a
936 2374 976 2412 Su-

167 2440 250 2488 periore
269 2441 388 2484 constituti,
407 2451 469 2478 easns
487 2440 553 2477 eidem
578 2445 701 2477 reservatos
727 2437 809 2475 rescire
833 2436 918 2480 debent,
937 2447 976 2484 quo

167 2500 215 2544 fiat,
229 2507 250 2537 ut
262 2513 335 2538 casua
355 2501 471 2549 Superiore
488 2500 650 2537 sibireservato
674 2504 810 2542 occurrente,
834 2496 974 2546 poenitentem

166 2561 199 2597 vel
212 2560 237 2597 ad
250 2560 384 2610 Superiorem
396 2562 430 2598 vel
442 2561 467 2598 ad
479 2561 612 2599 sacerdotem
624 2572 660 2609 pro
673 2558 791 2609 hujusmodi
802 2557 886 2596 casibus
906 2568 917 2593 a
935 2556 974 2595 Su-

165 2621 250 2671 periore
273 2621 391 2669 deputatum
413 2622 534 2666 remittant,
558 2622 599 2658 nisi
623 2621 664 2670 ipsi
686 2621 799 2671 specialem
822 2631 834 2655 a
857 2617 972 2664 Superiore

165 2682 288 2721 facultatem
307 2682 439 2720 obtinuerint.
460 2683 483 2720 Si
499 2695 549 2720 vero
568 2682 683 2732 Regularis
705 2680 816 2720 confitendi
832 2690 896 2715 eausa
914 2690 973 2727 pres-

189 2827 204 2869 1)
214 2828 244 2860 De
259 2825 304 2866 Syn.
319 2823 404 2857 dioeces.
418 2825 450 2858 llb.
465 2827 488 2859 V.
503 2836 520 2858 e.
534 2828 551 2858 5.
561 2845 586 2849 -
599 2827 614 2860 2]
632 2826 698 2859 const.
712 2823 858 2867 „Soracttsstmos
867 2823 973 2855 Dorotrrrrs“
1024 2839 1026 2842 <

214 2876 245 2909 uu.
260 2875 290 2907 25.
301 2872 347 2915 Maji
358 2875 412 2906 laea.
