2056 3193
120 101 165 145 316

121 218 229 256 tunitatem
242 219 354 264 detractat,
363 209 454 269 adeoque
466 220 583 258 voluntarie
596 220 663 258 dubiis
675 224 719 261 suis
731 224 838 262 immorari
849 225 926 276 pergit,

121 293 132 317 a
145 281 204 329 culpa
215 291 343 329 nequaquam
355 280 451 317 inmmnis
464 282 549 319 censeri
558 279 638 331 potest,
657 284 730 333 quippe
746 286 779 336 qui
793 286 813 324 in
824 287 891 324 Deum
907 293 928 324 et

120 341 255 390 semetipsum
263 341 358 379 incurius
367 335 462 393 triagnam
473 342 600 392 impietatem
608 343 725 382 cornmittit.
732 348 799 397 Atque
811 347 927 397 hujusmodi

119 402 257 452 poenitentes,
268 402 288 440 ni
300 403 428 452 resipiscere
440 404 513 448 velint,
521 405 650 443 absolutione
658 405 738 457 indigni
746 415 800 446 sunt.
809 412 885 448 Fontes
896 410 926 448 in·

119 463 256 514 dignissimae
271 464 416 502 obstinationis
428 465 521 511 illorum,
540 466 574 516 qui
590 466 676 516 insuper
695 467 755 505 dubia
773 476 889 518 sectantur,
906 472 925 509 in

118 525 192 562 iisdem
205 525 245 562 sibi
258 526 397 575 corrrplacent,
416 533 437 565 et
449 517 542 577 quamvis
554 527 635 565 veritas
649 527 701 577 ipsis
714 528 779 568 solide
791 540 926 581 proponatur,

119 598 179 623 suum
191 593 260 624 tamen
273 599 382 624 assensum
396 589 533 638 suspendunt,
551 589 672 638 plerumque
685 596 733 627 sunt
743 591 777 627 vel
789 593 878 640 turpida
888 607 925 633 ste-

116 646 205 698 perbt'u,
224 660 262 697 qua
275 648 328 685 tales
341 661 405 697 supra
416 651 493 700 vulgus
505 649 597 687 eminere
608 651 691 696 volunt,
704 657 724 688 et
736 651 831 702 quidquid
844 661 925 703 captum

119 710 231 747 eorundem
244 708 338 754 excedit,
350 709 406 748 illico
419 710 591 756 stonrachantur3
608 712 641 748 vel
654 713 758 750 occultum
770 712 863 764 aliquod
870 719 926 753 veri-

119 771 171 808 tatis
189 769 272 815 odorum,
291 783 342 821 qliae
361 778 431 820 utpote
447 784 518 809 eorum
531 771 641 810 affectibus
654 773 771 819 contraria,
788 774 840 823 ipsis
858 764 926 815 invisa

117 831 218 868 redditur.
237 830 369 881 Quapropter
387 832 541 877 confessarius,
559 833 605 870 dum
623 833 643 870 vi
662 834 755 872 nruneris
774 835 806 872 sui
824 835 926 884 ejusmodi

116 891 248 941 poenitentes
263 893 365 930 veritates
378 894 510 944 dogmaticas
527 894 610 939 edocet,
628 895 753 945 praeprimis
771 898 795 943 a)
807 896 925 936 hortabitur

117 953 141 991 ad
153 953 239 991 virtutis
258 954 374 991 doctrinam
386 954 521 992 christianam
534 955 661 993 sectandam.
680 956 719 995 „Si
738 957 842 1006 cupimus,
860 959 889 996 ait
902 959 924 997 S.

92 1034 93 1037 =
118 1014 291 1063 chrysostomus,
309 1015 370 1052 fidem
382 1016 496 1054 radicatam
506 1015 595 1062 habere,
613 1017 696 1054 vivendi
708 1018 789 1055 ratione
802 1031 854 1068 pura
865 1019 924 1057 uobis

117 1088 168 1125 opus
181 1082 223 1120 est,
241 1088 293 1125 quae
310 1076 407 1124 spiritum
423 1077 523 1122 retineat,
541 1090 552 1114 a
565 1090 603 1127 quo
616 1084 681 1115 totam
693 1078 734 1115 vim
746 1078 795 1116 fidei
807 1079 924 1129 dependere

117 1143 205 1175 constat.
217 1136 347 1185 Impossibile
360 1137 414 1174 eninr
427 1145 469 1182 est,
482 1139 501 1175 si
513 1138 575 1176 vitam
587 1138 688 1187 impuram
700 1139 788 1185 habeas,
800 1140 820 1177 in
833 1140 872 1178 fide
884 1153 923 1179 non

115 1197 221 1235 vacillare.
240 1197 304 1235 Certe
319 1197 352 1246 qui
367 1198 391 1235 de
407 1198 449 1235 iato
465 1206 579 1249 nugantur,
596 1206 616 1237 et
628 1200 718 1237 salutari
730 1200 753 1238 de
766 1202 924 1240 resurrectione

115 1258 207 1296 sermoni
219 1270 258 1295 non
271 1258 369 1303 credunt,
389 1259 413 1296 ob
430 1260 504 1296 malam
521 1261 670 1298 conscientiam
684 1267 704 1298 et
716 1273 786 1304 utores
798 1262 924 1310 depravatos

113 1319 133 1356 in
145 1319 184 1357 hoc
196 1319 351 1357 incredulitatis
362 1319 484 1357 barathrum
497 1333 520 1357 se
536 1320 594 1369 ipsos
614 1320 766 1370 praecipitant”
778 1319 803 1369 ¹].
825 1322 924 1360 Salvator

114 1379 202 1428 optimus
217 1380 264 1428 Ipse
280 1379 319 1417 hoc
334 1387 459 1430 argumento
475 1381 499 1418 ad
512 1381 686 1430 comprobandam
699 1382 805 1420 doctrinae
818 1395 869 1421 suae
882 1383 922 1421 ori·

113 1440 184 1490 gincnr
199 1440 289 1477 divinam
305 1447 379 1478 contra
393 1441 486 1478 Judaeos
501 1442 580 1478 utitur:
603 1441 641 1480 „si
657 1442 714 1491 quis,
734 1443 812 1491 inquit,
832 1444 924 1481 voluerit

112 1502 239 1538 voluntatem
253 1500 297 1548 ejus
309 1501 391 1544 lacere,
410 1506 526 1551 cognoscet
537 1502 562 1539 de
574 1502 669 1540 doctrina
682 1515 740 1546 mea,
758 1509 827 1540 utrum
840 1516 866 1540 ex
876 1506 922 1541 Deo

113 1560 150 1605 sit,
168 1573 192 1598 an
201 1573 240 1611 ego
250 1574 300 1598 ame
308 1561 352 1610 ipso
360 1561 446 1610 loquar’'
455 1560 481 1608 ²).
493 1562 518 1609 b]
526 1561 679 1600 Dehortabitur
687 1575 699 1600 a
707 1564 868 1601 conversatione
875 1577 921 1602 cum

112 1621 228 1669 hujusmodi
243 1621 369 1666 hominihus,
388 1622 421 1671 qui
435 1623 496 1660 dubia
511 1629 532 1660 et
543 1635 630 1660 errores
647 1630 751 1674 spargunt
767 1624 811 1662 sive
824 1636 921 1663 sermone

112 1682 156 1720 sive
169 1682 262 1731 scriptis,
270 1682 332 1730 juxta
344 1676 453 1721 consilium
461 1683 618 1722 Ecclesiastici:
632 1676 685 1732 „Qui
697 1684 812 1734 sophistice
824 1686 921 1735 loquutur,

112 1743 194 1780 odibilis
207 1750 248 1781 est:
266 1743 286 1780 in
295 1743 350 1781 ornui
357 1756 380 1781 re
388 1744 555 1790 dehaudabitum
564 1757 603 1782 non
613 1751 646 1782 est
653 1745 683 1782 illi
695 1745 744 1783 data
751 1758 763 1783 a
770 1746 859 1784 Domino
872 1759 921 1798 gra·

111 1804 150 1842 tia:
163 1804 217 1842 omni
230 1804 283 1842 enim
295 1805 398 1854 sapientia
409 1805 544 1843 defraudatus
557 1806 601 1844 est''
609 1804 635 1853 ³).
649 1809 671 1854 c]
685 1806 864 1845 Commonelaciet
875 1820 921 1845 curri

112 1866 174 1903 etiam
194 1873 255 1916 atque
271 1866 332 1904 etiam
349 1866 373 1903 de
392 1866 541 1917 efflapitondo
559 1869 627 1905 aDeo
643 1867 699 1906 dono
713 1868 921 1918 fidei,'utdican1us

112 1938 158 1965 cum
176 1928 289 1978 Apostolo:
309 1928 409 1979 ‚vildauge
427 1929 446 1966 in
466 1929 525 1967 nobis
544 1928 631 1966 iideml’⁷
649 1929 682 1966 vel
698 1941 744 1966 cum
757 1928 836 1968 afflicto
848 1931 920 1979 petre!

113 1989 195 2028 „Credo
207 1989 307 2033 Domine,
326 1989 400 2037 adjuva
411 1990 580 2028 incredulitatem
593 1986 706 2037 rrieam'’⁴].
724 1991 777 2027 Tum
793 2003 844 2028 vero
861 1998 920 2030 actus

112 2050 159 2088 fidei
172 2049 294 2100 frequenter
307 2049 377 2088 dicere
389 2050 430 2100 ipsi
442 2051 604 2096 commendabit,
621 2051 733 2101 praecipue
748 2052 830 2090 illarum
842 2053 920 2091 verita-

111 2119 166 2157 tum,
185 2124 272 2162 quarum
285 2111 333 2149 viva
345 2112 492 2150 recordatione
504 2125 554 2163 prae
567 2113 645 2151 ceteris
657 2113 756 2165 indigeat.

184 2175 228 2212 Non
247 2187 298 2212 raro
317 2180 398 2212 rncntes
418 2174 479 2213 etiam
498 2174 604 2225 piissimae
616 2175 751 2226 permolestis
763 2176 821 2215 circa
833 2177 919 2230 religio-

111 2249 157 2275 nem
169 2237 293 2290 divexantur
306 2237 373 2277 dubiis
391 2238 425 2292 vel
444 2250 469 2275 cx
486 2238 564 2288 impetu
583 2238 727 2276 tumultuantis
746 2237 879 2289 phantasiae,
898 2246 921 2277 ut

112 2299 240 2349 scrupulosi,
252 2299 286 2337 vel
299 2311 324 2337 ex
336 2299 423 2349 speciali
434 2299 476 2338 Dei
488 2299 584 2345 consilio,
597 2312 636 2350 quo
647 2300 695 2338 illas
707 2312 744 2351 per
756 2299 795 2339 hoe
808 2300 920 2339 acerbissi-

111 2373 164 2398 mum
176 2360 321 2413 purgatorium
333 2361 438 2400 humiliari
450 2363 495 2400 vult
507 2369 528 2400 et
545 2362 626 2413 perfici.
652 2362 702 2400 (lum
719 2361 786 2413 igitur
804 2361 921 2410 hujusmodi

112 2422 172 2460 dubia
186 2423 268 2461 nonnisi
283 2423 411 2462 tentationes
429 2423 481 2470 sint,
500 2431 561 2474 atquc
573 2436 612 2462 non
625 2436 651 2461 ex
662 2423 754 2469 ratione,
772 2423 808 2461 sed
821 2435 845 2461 ex
858 2423 920 2474 phan-

112 2484 166 2522 tasia
178 2484 313 2530 descendant,
332 2485 389 2524 factu
402 2485 501 2535 optimum
513 2486 603 2529 videtur,
620 2491 644 2522 ut
655 2485 709 2522 tales
722 2484 746 2521 ad
759 2484 829 2529 dubia,
847 2485 920 2535 quibus

110 2545 216 2590 laborant,
235 2547 384 2585 contemnenda
395 2547 521 2585 inducantur
526 2562 531 2592 3
551 2553 612 2596 atque
623 2545 666 2583 illis
679 2545 768 2596 desuper
781 2546 846 2584 omnis
858 2548 920 2586 timor

110 2607 223 2652 adimatur,
243 2608 368 2646 suadendum
380 2609 432 2659 ipsis
446 2615 488 2653 est,
506 2607 560 2645 utin
573 2607 694 2645 tentationis
707 2614 766 2649 aestu
778 2621 818 2646 non
830 2609 919 2658 positive

110 2675 184 2708 contra
203 2668 258 2705 illam
278 2668 396 2715 decertent,
415 2670 451 2708 sed
470 2669 572 2719 utpotius
585 2674 673 2706 mentem
687 2669 785 2707 aliorsum
798 2671 918 2716 avertendo,

109 2737 129 2769 et
142 2730 201 2781 quasi
213 2729 238 2767 de
250 2728 284 2766 via
296 2729 404 2776 cedentes,
421 2731 520 2781 impetum
533 2731 644 2769 adversum
656 2730 769 2776 declinent,
787 2731 852 2770 donec
867 2738 918 2770 tem·

135 2879 148 2916 ¹)
159 2876 222 2910 serm.
236 2878 266 2909 22.
282 2875 304 2909 de
320 2875 416 2909 Eleemos.
430 2895 454 2900 —
467 2877 482 2921 2)
497 2878 553 2911 Joan.
568 2877 609 2910 vtl.
626 2879 654 2910 17.
668 2896 691 2901 -
705 2881 720 2919 ³]
735 2878 832 2912 xxxvii.
846 2879 881 2911 23(
895 2897 934 2920 -κ

157 2923 172 2969 4)
185 2926 232 2960 Luc.
245 2925 305 2959 xvu.
320 2927 338 2958 5.
351 2925 413 2959 Marc.
428 2927 457 2959 2'4.
