2030 3193
827 97 840 140 9

41 231 61 261 et
74 220 151 259 medico
165 216 271 266 prudenti,
287 228 309 251 eo
325 215 387 252 citius
400 218 421 248 et
433 212 513 249 felicius
525 213 611 250 sanitati
628 211 729 261 pristinae
741 211 840 249 restitue·

40 293 92 319 mur.
104 276 178 326 Magni
190 275 326 311 aestimarunt
336 278 421 309 ueteres
433 271 533 318 sapientis
545 273 605 309 illud:
615 271 704 310 „Nosce
716 275 735 307 te
746 272 841 320 ipsunt?

41 346 73 378 ast
90 338 215 388 ignorarunt
233 333 305 371 clauim
324 332 400 370 aditum
419 329 488 367 cordis
505 326 645 378 reserantem,
664 343 724 382 quam
745 331 843 369 Ecclesia

40 406 113 443 nostra
124 399 144 438 in
155 396 299 438 Paenitentiae
310 394 404 435 instituto
417 391 506 432 exbibet.

114 460 139 512 2)
152 463 240 501 Multum
251 462 350 504 interest,
362 458 437 495 irralum
451 457 503 507 qtrud
515 457 665 503 commisimus,
687 466 707 497 et
719 458 773 510 quod
792 459 841 496 omi·

42 528 106 564 simus
123 526 206 569 bonum,
225 524 290 561 animo
306 519 396 558 contrito
414 519 491 556 deflere
508 524 569 568 atque
588 519 687 567 temperis
701 521 842 570 praeterlapsi

42 594 89 625 acta
100 586 120 622 in
133 585 269 623 amaritudine
281 580 356 618 ruentis
367 592 491 623 recenserc;
514 592 580 630 quiam
595 581 747 618 contritionem
766 594 843 619 aarum

41 657 90 683 esse
101 648 124 692 ct
132 647 249 692 pentaticum
261 639 457 687 corripi-obtundam
470 650 505 673 ore
517 640 541 674 fit
552 639 656 674 confessio
668 646 802 685 peecatorum
818 641 842 677 ad

42 706 137 750 salutem,
151 702 251 750 sinmlque
262 704 356 748 promtus
366 698 481 736 ostenditur
498 697 577 735 animus
593 697 647 736 riam
656 697 762 748 sequendi,
775 711 841 749 quarn,

42 774 87 808 utut
99 767 170 808 duram
183 770 203 803 et
213 760 347 809 laboriosam,
360 761 459 801 sacerdos
474 774 511 813 pro
529 760 611 800 interno
628 767 756 814 externoque
772 769 842 803 nostro

43 838 98 871 statu
115 825 290 880 praesignaverit.
310 827 350 863 Aut
369 826 436 875 qualis
451 827 506 863 foret
520 825 555 863 illa
574 825 680 870 contritio,
699 838 751 876 quae
769 827 843 864 salutis

44 893 109 932 media
123 892 143 928 in
157 889 197 926 hoe
212 886 326 925 sacerrimo
345 886 443 925 tribunali
461 887 587 936 gravissime
605 887 718 937 proposita,
735 887 806 925 audire
825 895 845 926 et

44 951 129 1000 exsequi
140 954 252 986 recusaret
261 948 368 995 lprofecto
381 947 445 984 ethic
458 948 547 984 valebit:
564 960 593 984 ea:
602 947 798 996 fiurctiduoeorum
810 961 844 985 co·

41 1011 150 1059 patescens
162 1005 230 1052 003¹).
242 1007 327 1042 Undeet
335 1008 402 1053 ipsum
415 1006 563 1042 emendationis
575 1007 712 1053 propositum,
723 1008 845 1054 praecautio

44 1069 153 1117 arelapsu,
166 1065 369 1115 atmrcexantlandae
378 1077 535 1115 quaquaversus
547 1065 711 1111 satisfactiones,
718 1078 770 1116 quae
779 1066 846 1104 onmia

43 1132 114 1173 intime
126 1142 172 1171 cum
184 1141 235 1169 vera
248 1128 372 1170 contritione-
384 1135 432 1169 sunt
445 1127 561 1180 conjuncta,
574 1128 701 1183 diriguntur,
713 1129 845 1171 vivificantur

43 1204 63 1235 et
75 1195 232 1235 confirmantur.

115 1253 141 1304 3]
154 1256 197 1295 Sed
209 1263 230 1293 et
241 1262 336 1293 nostrum
347 1255 491 1293 Paenitentiae
503 1256 623 1293 institutum
635 1256 697 1294 unica
716 1263 736 1294 et
751 1256 796 1293 sola
813 1257 847 1294 uia

44 1325 86 1362 est,
109 1330 153 1366 qua·
166 1318 306 1366 apticsttnue,
334 1319 411 1366 critque
430 1318 511 1353 laomim
529 1319 747 1354 corzvettterttissimae
763 1318 846 1353 inctru-

44 1381 136 1423 ctioaes,
154 1379 294 1422 irroratione-c,
319 1379 383 1425 (itque
404 1378 565 1423 corruptiones,
589 1387 641 1423 quae
663 1376 684 1410 in
695 1375 783 1423 publicis
796 1387 844 1412 con-

44 1435 136 1474 cionibus
149 1435 206 1473 circa
217 1434 317 1486 generale
330 1433 430 1485 quoddam
442 1434 511 1472 thema
523 1441 642 1481 versantur,
650 1434 675 1472 ad
683 1434 777 1487 singulos
786 1447 846 1486 quos-

44 1513 82 1552 que
100 1498 225 1553 diriguntur.
249 1497 313 1549 Quam
333 1498 416 1538 diversa
434 1497 487 1537 enin
506 1505 538 1537 cst
553 1497 656 1539 hominum
675 1499 768 1547 cultura,
787 1512 847 1551 quam

43 1563 100 1601 varie
112 1563 212 1613 disposita
225 1563 360 1609 conscientia,
372 1562 469 1600 videlicet
481 1569 516 1601 aut
527 1563 581 1608 laxa,
600 1570 634 1601 aut
650 1563 717 1609 anxia,
736 1569 771 1601 aut
789 1575 847 1601 erru-

43 1638 88 1671 nea,
102 1632 136 1663 aut
148 1637 223 1663 secure
237 1628 340 1663 erronea!
360 1623 425 1672 Quam
436 1624 495 1662 multi
505 1632 594 1674 peccant
610 1624 733 1676 ignorantes
746 1625 800 1674 quod
817 1625 847 1662 fa-

44 1687 110 1723 ciunt!
128 1686 176 1723 Jarn
189 1686 332 1723 confessarius
346 1686 439 1722 oumibus
452 1686 519 1722 onmia
537 1686 613 1729 factus,
632 1686 712 1734 pusillis
729 1686 791 1722 affert
806 1686 846 1729 lac,

44 1745 118 1781 adultis
138 1745 205 1781 cibum
224 1745 356 1787 solidiorem,
378 1750 473 1780 exterret
496 1756 584 1780 erronee
605 1756 711 1786 securum,
731 1750 848 1780 commonet

42 1803 163 1842 innocentes
176 1803 196 1841 in
208 1803 273 1842 variis
285 1816 365 1842 morum
380 1802 479 1855 periculis
497 1810 615 1850 versantes,
635 1803 689 1842 tdllit
706 1802 773 1850 dubia,
791 1804 848 1842 levat

44 1868 155 1909 anxietatis
168 1882 226 1917 onus,
240 1868 327 1920 corripit
339 1868 443 1908 malevolo
452 1875 576 1920 peccantes:
594 1868 655 1921 idque
674 1882 712 1908 non
729 1868 847 1921 generatim

44 1940 78 1970 aut
90 1932 109 1970 in
122 1933 240 1983 superficie,
253 1933 289 1970 sed
302 1933 326 1970 ad
337 1933 380 1970 ima
391 1945 456 1983 usque
470 1932 602 1970 fundamenta
614 1928 733 1977 descendit,
741 1932 847 1984 couragis,

43 1994 95 2044 quod
106 1994 231 2032 inviolabilis
244 1994 322 2032 silentii
333 1994 433 2045 obligatio
445 1994 584 2044 poenitentem
597 1994 670 2050 reddat
687 1994 814 2044 proniorem,
826 1999 848 2031 ut

44 2055 112 2092 abdita
124 2055 192 2092 omnia
204 2055 290 2092 consilia
301 2056 379 2103 pandat
391 2061 411 2091 et
423 2055 493 2092 cordis
506 2061 590 2092 secreta
605 2055 707 2092 recludat.
728 2054 805 2102 sieque
820 2055 848 2091 si·

44 2114 84 2149 mul
97 2114 244 2150 efficacissime
256 2125 294 2160 ope
307 2115 432 2150 confessarii
444 2114 524 2149 aninuis
538 2119 634 2149 movetur
650 2114 675 2149 ad
690 2113 789 2150 scandala
801 2114 849 2148 data

44 2174 165 2224 reparanda,
178 2173 250 2211 (lamna
262 2173 320 2211 illata
333 2173 394 2211 alteri
405 2173 549 2221 resarcienda,
565 2174 590 2212 ad
604 2173 679 2212 bonaur
694 2173 771 2212 famam
785 2172 848 2211 resti-

43 2237 146 2286 tuendam,
157 2238 276 2278 inimicitias
289 2238 442 2290 exstirpandas,
457 2239 480 2278 ad
492 2239 615 2279 inculcanda
631 2239 715 2278 cuilibet
729 2238 848 2277 incumben-

43 2301 71 2339 tia
83 2302 160 2347 offioia,
172 2302 225 2339 unde
237 2314 277 2339 nou
289 2308 378 2351 possunt
389 2314 429 2339 non
441 2302 570 2353 gravissima
582 2314 661 2352 qrroque
678 2303 816 2339 emolumenta
827 2301 848 2338 in

42 2369 152 2413 utramque
164 2364 312 2412 rempublicam
324 2364 442 2401 redundare
456 2369 476 2400 et
487 2363 607 2400 firmissima
619 2364 675 2400 vitae
694 2363 761 2401 civilis
778 2369 798 2399 et
813 2375 847 2400 ec-

44 2423 177 2461 clesiasticae
196 2425 307 2471 praesidia.
332 2424 463 2472 Quapropter
481 2436 541 2460 nemo
563 2423 676 2466 dubitabit,
697 2423 850 2461 confessarium

43 2482 164 2528 prudentem
178 2489 198 2517 et
209 2484 308 2518 solertem
324 2484 368 2519 suis
384 2483 477 2519 consiliis
493 2489 513 2518 et
531 2483 614 2518 monitis
631 2489 651 2518 et
670 2482 849 2518 adhortationibus

43 2555 139 2595 magnum
153 2550 173 2582 et
185 2543 290 2582 excellens
303 2556 350 2583 esse
364 2543 388 2582 ad
400 2544 488 2583 salutem
499 2543 625 2595 poenitentis
640 2542 762 2589 subsidium,
775 2549 795 2581 et
807 2555 849 2581 ma-

44 2620 106 2658 gnum
118 2608 138 2646 in
149 2609 184 2647 via
195 2608 270 2647 salutis
283 2607 411 2648 thesaurum.

114 2667 140 2718 4]
152 2671 247 2715 Accedit,
260 2671 313 2721 quod
325 2671 437 2716 confessio,
451 2677 471 2708 et
483 2672 536 2720 quod
551 2671 653 2721 reliquum
668 2671 687 2708 ei
700 2670 797 2718 junctum
817 2674 849 2707 est

45 2729 118 2768 durum
140 2738 160 2769 et
172 2733 292 2776 molestum,
310 2733 375 2769 nutrit
388 2738 408 2769 et
421 2732 478 2769 foret
492 2735 594 2782 spiritum
607 2731 750 2780 beranilitutia,
763 2731 850 2779 primum

44 2791 337 2839 omnisvir-tutisprincipium.
352 2793 407 2830 „Per
414 2792 546 2840 superbiam”
555 2792 756 2840 aitsnngustinus,
766 2802 850 2828 „reces-

43 2879 237 2891 —Q——a

68 2921 83 2963 ¹]
93 2921 161 2960 Marah.
171 2925 212 2960 Vll.
222 2926 251 2960 20.
