2056 3193
162 83 207 126 214

160 197 199 247 Qui
211 198 304 249 proximo
317 196 391 239 falsum
399 194 478 233 crimen
487 194 595 243 objecerit,
608 193 735 243 poenitentia
744 196 855 239 afficiatur,
868 201 890 232 ut
901 194 967 241 falsus

190 260 258 298 testis.

160 321 199 370 Qui
210 320 263 356 falso
277 316 396 355 testimonio
409 317 549 363 consenserit,
561 317 669 367 poenitens
681 316 722 353 erit
734 329 799 355 annos
811 318 905 369 quinque.

161 380 240 431 Siquis
253 379 315 417 facile
331 379 448 417 detraxerit
464 379 581 429 falsumque
596 379 616 416 in
634 378 673 415 boc
692 377 778 423 dixerit,
797 380 905 428 poenitens
927 378 968 417 erit

189 441 232 480 dies
245 438 325 491 septem
337 441 357 479 in
369 454 422 492 pane
435 448 455 479 et
467 453 526 492 aqua.

159 503 198 553 Qui
209 503 285 542 leviter
297 496 421 550 detraxerit,
434 509 478 546 tres
491 502 535 540 dies
547 502 666 552 poenitebit.

158 567 183 604 si
195 566 240 616 quis
253 565 370 604 convicium
382 565 515 603 manifestum
533 565 596 601 fratri
613 563 717 609 intulerit,
737 564 834 601 diuturna
852 566 968 615 expiabitur

188 628 316 679 poenitentia
328 639 365 676 pro
378 627 437 664 modo
449 626 538 676 peceati.
945 626 947 631 '

159 688 198 738 Qui
214 690 340 733 falsitatem,
359 688 494 738 fraudemque
512 688 532 725 in
548 687 674 736 ponderibus
691 693 712 724 et
729 687 834 724 mensuris
853 688 967 734 admiserit,

188 758 273 801 praeter
285 749 439 787 restitutionem
452 749 561 799 poenitens
574 750 615 793 erit
626 749 646 786 in
659 744 711 799 pane
724 754 745 789 et
756 761 809 799 aqua
827 748 870 786 dies
884 749 967 801 viginti.

398 868 656 938 Praeceptum
688 870 723 923 lX.

288 994 347 1043 Non
366 993 520 1050 desiderabis
539 996 772 1060 neoremproetmt
791 995 834 1046 tei.
879 1061 881 1065 Α

157 1119 181 1157 si
194 1119 239 1170 quis
251 1119 362 1169 presbyter
375 1117 506 1167 concupiscit
517 1118 631 1164 fornicari,
649 1120 758 1169 poenitens
771 1119 811 1167 erit
830 1131 894 1157 annos
910 1119 966 1169 quin-

189 1194 240 1232 que:
253 1180 271 1218 si
284 1179 382 1225 clericus,
395 1187 430 1217 aut
441 1179 515 1224 laicus,
529 1192 593 1217 annos
606 1180 663 1218 diros.

158 1242 182 1280 Si
194 1242 239 1293 quis
252 1242 272 1279 in
285 1242 363 1286 somnis
376 1254 402 1279 eu
413 1241 516 1288 immunde
529 1241 633 1286 desiderio
645 1243 750 1292 polluitur,
764 1248 846 1294 surgat,
865 1249 885 1281 et
898 1249 967 1280 cantet

188 1310 267 1353 septem
280 1303 371 1352 psalmos
383 1302 550 1352 poenitentiales.

158 1365 182 1403 si
195 1366 293 1409 clericus,
306 1371 340 1402 aut
351 1364 417 1403 laicus
430 1376 455 1401 ex
468 1364 521 1402 mala
533 1364 661 1415 cogitatione
680 1372 701 1403 et
713 1366 885 1415 coucupiscentia
896 1378 967 1403 semen

189 1427 293 1472 effuderit,
305 1427 414 1477 poenitens
427 1425 468 1464 erit
480 1425 524 1463 dies
537 1433 623 1476 septem.

405 1544 662 1615 Praeceptum
693 1545 719 1598 X.

322 1671 382 1720 Non
396 1670 553 1736 concupisces
566 1688 618 1719 rere
628 1671 745 1736 proeimi
758 1673 801 1720 tui.

158 1797 209 1834 Rem
222 1796 309 1834 alienam
321 1795 402 1833 nefarie
415 1795 574 1845 concupiscens
594 1808 718 1846 avarusque,
737 1796 845 1845 poenitens
858 1797 898 1834 erit
910 1796 969 1833 aunis

188 1858 262 1895 tribus.

159 1918 198 1967 Qui
210 1932 254 1956 rem
269 1918 357 1968 aliquam
376 1918 465 1967 proximi
483 1918 597 1967 pretiosam
615 1917 709 1955 invenire
727 1919 795 1967 cupit,
813 1926 836 1956 ut
853 1918 910 1956 illam
927 1918 967 1956 sibi

189 1980 289 2024 retineat,
302 1979 451 2030 poenitentiam
463 1985 521 2030 aget,
533 1985 556 2016 ut
567 1978 645 2017 dictum
658 1985 692 2016 est
703 1979 727 2017 de
739 1979 802 2016 furto.

368 2096 760 2168 Oenones-poenitentiae.

420 2214 462 2271 De
472 2221 535 2288 pole
548 2230 572 2270 et
583 2221 707 2271 ebrietate.

160 2347 184 2384 Si
196 2347 241 2396 quis
253 2346 315 2383 nimie
328 2347 373 2384 cibe
387 2359 410 2384 se
421 2346 595 2397 ingurgitaverit,
607 2352 629 2383 ut
641 2345 788 2383 indedolcrem
801 2346 900 2389 senserit,
909 2358 969 2384 unum

190 2407 243 2445 diem
255 2407 404 2456 poenitentiam
417 2414 468 2458 aget
478 2407 499 2444 in
512 2419 564 2456 pane
576 2414 597 2444 et
609 2419 669 2456 aqua.

162 2468 266 2505 Sacerdos
284 2469 427 2517 imprudenter
445 2468 516 2505 ebrius
535 2468 611 2512 factus,
629 2468 649 2504 in
661 2479 713 2515 pane
726 2474 747 2504 et
758 2479 810 2517 aqua
821 2466 969 2516 poenitentiam

192 2535 239 2577 agat
252 2529 296 2565 dies
309 2535 399 2577 septem:
411 2529 430 2566 si
441 2528 585 2579 negligenter,
598 2528 642 2565 dies
655 2527 770 2577 quindecim
778 2542 783 2572 ;
796 2528 814 2564 si
825 2539 863 2576 per
878 2535 969 2566 contem-

193 2595 242 2632 tum,
254 2589 297 2626 dies
310 2589 456 2639 quadraginta.
468 2589 546 2626 Laicus
559 2588 654 2639 graviter
667 2595 777 2639 arguatur,
790 2594 810 2625 et
822 2588 969 2636 poenitentiam

192 2660 256 2698 agere
269 2661 279 2685 a
291 2650 402 2687 sacerdote
415 2656 512 2700 cogatur.

161 2709 201 2758 Qui
212 2721 263 2757 prae
276 2710 377 2748 ebrietate
390 2717 410 2747 et
423 2710 509 2759 crapula
520 2710 619 2747 vcnaitum
631 2709 713 2754 fecerit,
726 2709 744 2746 si
756 2709 867 2758 presbyter
880 2717 915 2748 aut
927 2711 969 2748 dia·

191 2782 264 2814 conus,
276 2771 424 2818 poenitentiam
438 2778 489 2822 agat
501 2770 545 2808 dies
559 2770 707 2821 quadraginta3
724 2770 743 2807 si
754 2769 831 2815 laicus,
850 2771 893 2809 dies
913 2772 969 2822 quin·

191 2832 264 2879 decim.
278 2829 317 2880 Qui
328 2831 461 2872 humanitatis
474 2832 545 2885 gratia
557 2832 618 2878 alium
629 2832 731 2874 inebriari
743 2830 808 2883 cogit,
821 2833 970 2883 poenitentiam

192 2901 243 2946 agat
255 2893 300 2933 dies
312 2901 392 2944 septem
397 2910 403 2941 ς
415 2896 432 2934 si
445 2908 482 2945 per
495 2901 629 2940 contemtum,
641 2894 685 2933 dies
697 2893 792 2945 triginta.
