2017 3193
845 109 887 151 161

81 224 199 263 ostendisse
212 223 236 261 ad
248 223 397 273 perfectionem
410 224 554 271 obtinendam,
573 226 609 264 sed
622 225 684 263 etiam
696 224 721 262 ad
737 222 888 274 perfectionem
940 271 942 278 y

82 286 174 336 cujusvis
186 282 257 330 statut,
270 286 388 333 conditioni,
401 286 506 336 profectui
518 292 538 323 et
548 287 628 324 viribus
642 287 811 330 convenientem,
829 285 888 323 illum

81 349 196 398 perducere
209 347 297 386 studeat.
311 348 470 399 „Unusquisque
481 347 534 391 Deo,
548 348 599 396 quod
611 349 695 396 poterit,
707 350 795 394 offerat,
814 347 887 397 quovis

80 416 181 459 tempore,
194 410 265 459 quovis
278 423 356 462 genere
367 411 423 449 vitae
436 414 457 446 et
469 408 576 453 fortunae,
594 420 631 457 pro
643 411 760 457 praesentis
778 409 887 448 facultatis

81 471 176 516 modulo,
194 483 232 519 pro
251 473 320 523 gratia
338 473 378 510 sibi
397 482 512 514 concessa,
531 476 553 507 ut
571 482 607 518 per
626 482 696 506 omnes
711 472 795 509 virtutis
814 471 887 509 modos

83 544 153 569 onmes
172 533 234 583 regni
246 534 342 571 coelestis
354 533 476 581 impleamus
494 528 659 577 mansiones”¹].
683 529 739 578 Quae
758 533 810 569 enim
829 538 888 569 esset

83 592 196 631 christiana
208 595 316 643 perfectio,
329 595 347 631 si
358 591 516 631 materfamilias
529 598 630 641 tempore,
643 603 681 641 quc
694 591 779 637 liberis,
799 605 836 642 quo
855 593 887 630 rei

81 655 382 707 domesticaeinvigilandum,
401 654 476 690 multas
488 652 551 690 horas
570 653 638 690 sacris
655 653 782 698 insumeret:
801 653 819 690 si
838 655 886 699 filia,

82 716 115 754 cui
126 716 180 754 domi
190 718 325 755 laborandum
338 722 377 761 est,
390 715 436 753 dum
449 721 546 764 parentes
558 714 578 751 in
591 715 648 752 victu
660 714 747 764 aliisque
759 715 887 752 necessariis

82 779 225 827 comparandis
239 777 347 826 adjuvandi
360 783 415 821 sunt,
428 777 505 826 templa
516 777 603 821 viseret,
618 776 652 813 vel
664 776 750 813 lectioni
762 788 837 813 sacrae
854 777 888 813 vel

81 840 170 877 orationi
179 842 284 877 vacaret?
295 840 354 875 Deus
367 850 455 889 magnus
466 838 622 875 Paterfamilias
635 837 704 875 officia
719 837 832 882 distribuit,
846 837 888 875 cui-

81 913 119 950 que
132 907 208 938 statum
221 907 241 937 et
252 900 370 937 functiones
383 899 511 949 assignavit3
529 899 577 936 huic
593 904 678 936 sanctae
696 899 799 936 voluntati
817 899 889 948 quiex

81 962 155 1010 majori
166 961 269 999 charitate
282 967 302 998 et
313 961 433 998 reverentia
445 961 513 1011 magis
525 972 548 996 se
561 960 684 1005 conformat,
696 960 760 997 vitam
772 960 840 1011 magis
854 960 888 997 de·

81 1029 148 1060 votam
161 1023 225 1073 gerit,
237 1034 303 1072 neque
316 1034 369 1071 opus¹
378 1023 454 1059 bonum
467 1028 505 1066 est,
518 1022 559 1058 nisi
571 1021 677 1059 confornre
690 1022 791 1059 voluntati
799 1022 887 1059 divinae.

81 1084 144 1121 Certo
164 1083 261 1120 Christus
279 1083 380 1120 Dominus
399 1095 437 1120 non
456 1083 536 1131 placuit
548 1083 614 1120 minus
626 1083 685 1119 Patri
703 1083 767 1120 vitam
785 1083 887 1132 privatam

80 1145 168 1195 triginta
180 1145 239 1181 annis
252 1157 330 1195 agens,
343 1145 441 1181 laborans
453 1144 473 1181 in
486 1144 569 1181 officina
581 1144 667 1181 Nutritii
679 1144 712 1181 sui
728 1150 748 1181 et
759 1144 824 1181 Matri
839 1145 887 1181 obe-

81 1206 146 1251 diens,
160 1218 219 1255 quam
231 1212 304 1255 postea
315 1207 412 1257 Regnum
423 1206 464 1242 Dei
475 1206 599 1255 praedicans
613 1212 633 1242 ct
644 1211 730 1254 patrans
743 1206 850 1243 miracula.

153 1267 269 1316 Praecipue
276 1279 326 1304 vero
334 1268 416 1304 laboret
424 1267 578 1311 confessarius,
586 1272 609 1304 ut
616 1267 746 1316 poenitentes
755 1273 886 1311 assuescant,

81 1328 149 1365 onmia
161 1340 198 1365 sua
210 1341 273 1378 opera
285 1329 310 1365 ad
320 1330 388 1366 Deum
400 1328 491 1373 referre,
503 1329 582 1374 onmia,
602 1328 626 1365 de
638 1341 698 1365 manu
710 1328 779 1377 Ipsius
792 1334 887 1377 accepta-

80 1401 111 1435 re,
123 1389 215 1439 Ejusqne
227 1390 329 1427 voluntati
341 1402 406 1439 aequo
419 1390 485 1426 animo
498 1390 642 1439 acquiescere.
654 1389 781 1439 Atquehaec
789 1389 887 1439 propriae

80 1451 193 1488 voluntatis
205 1454 325 1500 resignatio
338 1464 377 1488 non
396 1452 462 1488 solum
475 1451 499 1488 ad
519 1457 605 1488 eventus
623 1451 740 1500 perarduos
753 1457 773 1488 et
784 1451 887 1495 rariores,

81 1512 191 1549 sedetiam
204 1513 228 1550 ad
241 1513 311 1550 obvios
330 1512 451 1562 etquotidie
463 1518 608 1556 recurrentes,
620 1512 706 1561 paucis:
726 1512 751 1549 ad
769 1524 804 1548 res
816 1524 887 1549 omnes

81 1573 210 1610 extendatur.
229 1574 320 1610 Assidna
333 1579 353 1609 et
364 1573 442 1610 laboris
457 1574 518 1621 plena
534 1580 567 1609 est
581 1573 687 1617 doctrina:
703 1573 728 1609 ad
740 1585 824 1609 summa
838 1585 888 1609 non-

80 1632 121 1669 nisi
132 1645 209 1683 magna
224 1634 355 1670 contentione
375 1633 502 1670 ascenditur.
521 1634 601 1670 Verum
620 1634 701 1671 dicente
719 1634 820 1682 Apostolo
840 1634 888 1682 „qui

81 1693 179 1741 coepitin
192 1694 250 1730 vobis
263 1706 324 1742 opus,
344 1694 440 1743 perficiet
451 1694 501 1730 illud
513 1706 578 1742 usque
596 1694 617 1730 in
630 1694 682 1730 diem
694 1693 748 1730 Jesu
760 1693 887 1739 Christ'¹’²).

80 1774 144 1807 Media
159 1778 178 1807 et
191 1774 286 1815 subsidia,
301 1775 369 1818 quibus
385 1777 403 1808 in
420 1777 530 1808 continuato
544 1777 670 1818 perfectionis
687 1776 751 1808 studio
767 1776 888 1818 perficimur,

105 1823 168 1902 {tilica
178 1827 197 1855 et
207 1824 293 1866 inprimis
307 1824 383 1856 ascesis
397 1824 499 1857 christiana
516 1824 578 1856 docet.
590 1825 698 1866 Praecipua
707 1825 751 1857 vide
761 1824 809 1856 infra
820 1825 839 1857 C.
856 1825 888 1856 lll.

121 1876 146 1903 rt.
160 1873 183 1904 ll.

172 1980 265 2031 llatcria
279 1985 300 2031 et
314 1979 366 2031 fons
384 1981 559 2032 instructionum
573 1986 594 2032 ct
607 1980 791 2032 aduronitionum.

154 2102 172 2154 ξ.
186 2100 235 2143 112.
250 2105 364 2140 Materiam
376 2104 527 2141 adhortationis
542 2105 630 2153 praebet
648 2105 770 2155 frequenter
781 2105 828 2154 ipsa
840 2117 887 2153 pce-

81 2164 165 2201 nitentis
182 2165 296 2202 accusatio.
314 2166 356 2202 Pro¹
375 2166 542 2203 confessionibus
562 2172 643 2211 autern,
659 2166 839 2204 connnunissinros
858 2166 888 2203 in·

81 2225 184 2264 firmitatis
199 2225 301 2264 humanae
321 2239 417 2272 errores,
436 2234 456 2265 ct
473 2228 531 2265 leves
546 2228 612 2265 solum
626 2240 704 2266 naevos
720 2228 888 2273 continentibus,

80 2289 132 2325 bene
145 2288 208 2325 faciet
219 2288 373 2332 confessarius,
391 2289 409 2324 si
421 2296 534 2337 praeparet
542 2290 651 2326 materiam
664 2293 716 2336 (non
727 2290 804 2335 uerba)
814 2290 888 2326 exhor-

81 2349 176 2395 tationis,
199 2348 336 2398 praemittens
361 2349 476 2387 orationem
496 2355 516 2386 et
533 2350 693 2399 perpensionem
713 2350 834 2400 quamdam,
854 2363 888 2387 an-

81 2417 163 2461 tequam
171 2412 195 2448 ad
204 2410 347 2448 confessiones
356 2411 468 2448 audiendas
481 2423 503 2464 se
512 2412 610 2463 accingit.
623 2412 711 2449 Desumi
719 2418 788 2450 autem
799 2413 889 2450 materia

80 2474 159 2522 poterit
170 2486 195 2511 ex
207 2473 371 2512 circumstantiis
386 2474 494 2523 temporis,
507 2480 542 2512 aut
553 2474 600 2520 loci,
613 2480 648 2512 aut
660 2487 685 2512 ex
699 2474 821 2526 indigentiis
833 2475 889 2513 illius

81 2536 180 2585 temporis
199 2536 339 2586 specialibus;
356 2536 406 2573 item
423 2549 448 2573 cn
466 2536 592 2583 festivitate3
610 2549 662 2587 quae
675 2537 759 2588 agitur,
778 2550 802 2575 ex
821 2539 889 2575 Evan-

81 2597 135 2645 gelio
150 2598 206 2636 illius
222 2598 271 2644 diei3
292 2598 342 2634 item
358 2611 383 2635 ex
399 2598 577 2650 obligationibus,
595 2600 695 2648 periculis
715 2606 794 2645 status,
817 2601 838 2636 in
850 2612 889 2650 quc

106 2731 120 2768 ¹)
131 2729 151 2762 S.
162 2731 221 2775 Greg.
231 2732 279 2765 Naz.
290 2741 318 2764 or.
328 2733 346 2764 9.
356 2750 380 2754 -
388 2733 404 2772 2)
414 2732 463 2765 Phil.
472 2733 487 2765 Ι,
498 2734 515 2766 6.
525 2752 550 2757 -
558 2733 606 2766 Vide
614 2733 683 2767 librum
693 2733 796 2777 perutilem
805 2733 889 2776 Alphon·

129 2778 146 2810 si
155 2780 267 2823 Rodrigucz
277 2780 384 2822 (Rodericit
395 2781 416 2813 S.
427 2782 446 2814 J.
456 2782 577 2816 Exercitium
589 2783 727 2817 Perfectionis.
736 2785 759 2816 P.
773 2785 788 2816 1.
802 2787 859 2816 tract.
872 2785 889 2816 8.

130 2826 153 2860 de
171 2828 309 2864 Confer-oritate
326 2830 430 2863 voluntatis
447 2835 527 2864 nostrae
541 2842 584 2865 cum
599 2833 668 2866 diuina.
686 2833 760 2865 Prodiit
780 2832 889 2876 germanice

129 2876 214 2910 Viennae
230 2882 280 2923 typis
297 2879 480 2914 Mechitbaristicis:
498 2881 540 2914 Des
559 2883 618 2915 chrm.
636 2883 658 2915 P.
677 2883 763 2926 Alplrons
779 2883 889 2922 Rodriguez

130 2925 210 2967 Uebung
219 2928 253 2960 der
265 2929 445 2963 Vollkommeubeit.
454 2930 514 2962 Wien
527 2931 579 2963 1830.
