2017 3193
875 108 919 153 '149

112 238 171 275 quam
190 225 234 261 fors
252 226 402 273 praecedentes
421 224 577 263 adhortationes
594 227 749 275 produxerunt,
774 224 865 276 gemitus
885 231 920 262 aut

111 287 181 324 vultus
192 286 213 322 in
225 286 323 333 lacrymis
335 288 431 325 referens
443 285 590 334 poenitentiam
598 299 637 324 non
646 281 764 331 sufficiuiit3
777 285 919 323 certissimum

112 347 165 383 enim
184 346 287 396 genuinae
306 346 449 385 conversionis
470 345 578 382 criterium
591 353 649 382 certe
663 348 683 383 in
699 350 723 385 eo
739 347 859 396 'repositum
871 358 919 383 cen-

111 412 178 450 setur,
190 406 209 442 si
220 407 327 456 poenitens
339 409 363 445 ad
376 407 444 445 omnia
456 417 480 442 ea
495 405 621 453 praestanda
639 398 793 453 paratissimum
812 418 836 444 se
856 406 919 450 sistit,

111 479 163 517 quae
176 480 201 504 ex
212 475 298 517 peccato
312 469 422 507 commisso
435 471 546 516 praestare
559 471 647 503 tenetur.
666 466 725 505 Haec
740 475 816 519 urgeat
836 461 919 506 confes-

111 528 180 564 sarius
193 540 289 566 severum
300 531 319 567 in
332 530 421 571 modum,
434 528 492 570 adeo,
511 532 533 563 ut
545 525 607 563 nullis
625 528 805 575 prae'tensionihus
824 529 919 579 effugiis-

111 600 149 636 que
161 588 221 626 vanis
232 590 331 639 praebeat
344 601 418 632 aruesg
431 588 494 624 etiam
506 582 619 636 poenitenti
628 587 671 635 ipsi
683 587 706 624 de
718 587 849 626 'strictissimi
856 588 918 637 hujus

111 649 175 687 officii
186 650 206 687 vi
218 657 238 687 et
250 651 377 689 necessitate
390 655 487 698 tanquam
500 647 624 693 conditione,
637 647 681 685 sine
694 660 733 697 qua
745 660 795 692 non,
808 649 833 686 ad
844 651 918 687 reinis-

111 711 189 748 sionem
207 718 341 761 peccatorum
356 709 492 759 persuadere,
511 715 531 745 et
545 709 647 746 benevola
659 709 800 745 instructione
819 710 917 757 ejusmodi

111 771 249 823 obligationes
264 770 371 808 faciliores
390 777 409 807 et
422 770 531 808 chariores
549 769 638 806 reddere
655 764 751 825 conetur.
770 770 792 806 lu
811 768 837 807 iis
856 770 918 807 adim-

109 833 189 882 plendis
202 834 334 871 confitentem
347 831 471 869 uranuducat
483 837 503 868 et
515 831 603 876 indicet,
616 830 695 880 quidet
709 837 806 880 quantum
819 832 847 868 sit
859 844 919 880 prae-

110 895 212 939 standum,
226 901 246 932 et
258 906 297 943 qua
309 893 390 930 ratione
403 892 530 930 commodius
538 892 648 930 faciliusve
660 882 680 929 id
690 891 818 942 'fieripossit
832 892 869 931 Sic
880 892 919 930 ini-

110 969 170 1005 quum
184 955 298 993 alienorum
310 966 464 1003 possessorem,
476 961 499 992 ut
509 953 599 992 fideliter
608 960 629 991 et
640 955 794 992 moureStit'uat
806 955 859 992 male
871 967 918 1004 par-

110 1024 138 1062 ta,
151 1017 286 1065 damnumque
299 1015 372 1053 exinde
391 1027 503 1066 emergens
518 1016 634 1061 resarciat,
651 1016 692 1052 rite
708 1014 831 1053 adhortetur
837 1031 843 1060 ς
862 1018 918 1053 calu·

109 1078 231 1115 muiatorem
245 1077 268 1114 ad
288 1076 425 1115 revocandam
445 1076 582 1121 calumniam
600 1076 722 1114 malevolum
740 1077 882 1115 detractorem
894 1077 918 1114 ad

110 1139 231 1188 expiandam
243 1138 339 1186 injuriam
358 1139 470 1187 praecipue
486 1150 524 1187 per
543 1139 697 1176 enarrationem
716 1144 736 1175 et
755 1138 918 1189 divulgationem

108 1201 175 1237 honae
187 1200 262 1238 indolis
275 1206 295 1237 et
306 1199 414 1244 virtutum,
427 1199 500 1249 quihus
513 1199 566 1237 alter
579 1205 611 1237 est
628 1199 757 1251 insignitus;
776 1200 877 1237 offensum
896 1200 920 1236 ad

109 1268 211 1312 promtam
224 1268 245 1299 et
256 1261 579 1307 sinceram>reconciliationem;
599 1261 732 1301 seductorem
745 1256 769 1299 ad
782 1273 862 1299 omnem
874 1273 920 1300 sce-

109 1324 183 1362 lestam
197 1324 346 1362 connexionem
358 1323 477 1368 tollendam,
490 1336 529 1373 qua
541 1336 580 1361 nou
592 1323 637 1373 ipse
649 1330 729 1362 tantum
742 1324 766 1361 ah
779 1324 876 1361 ulteriori
888 1336 920 1361 se-

111 1386 214 1424 ductionis
227 1386 282 1424 faeto
296 1385 406 1431 abstineat,
419 1385 455 1423 sed
468 1386 531 1423 etiam
543 1385 668 1436 depravatos
680 1386 745 1423 uerbo
758 1391 778 1423 et
789 1386 883 1435 exemplo
896 1386 920 1423 ab

109 1448 154 1498 ipso
166 1448 217 1486 vitio
233 1447 344 1485 retrahere
363 1447 457 1493 studeat:
476 1450 529 1492 eum,
548 1447 583 1497 qui
593 1447 676 1497 publica
695 1443 759 1485 edidit
771 1447 876 1491 scandala,
895 1448 919 1485 ad

109 1509 261 1547 manifestanda
273 1515 331 1547 tanta
341 1509 427 1547 virtutis
439 1509 540 1558 exempla,
553 1509 626 1558 quibus
640 1509 674 1546 alii
682 1510 705 1547 de
714 1509 770 1547 facta
782 1509 919 1547 conversione

109 1571 286 1621 persuadeantur,
305 1571 391 1622 adigere
409 1582 541 1620 summopere
554 1571 672 1616 adlaboret;
690 1567 761 1608 brevi:
779 1570 919 1620 poenitentem

109 1639 226 1682 promptum
239 1632 324 1677 efficiat,
342 1639 365 1669 ut
377 1632 449 1669 eodem
461 1632 529 1670 studio
543 1638 564 1669 et
575 1632 660 1670 fervore
669 1632 727 1670 ‘ouini
737 1621 791 1670 ¹licito
803 1631 920 1678 inhaereat,

110 1705 149 1743 quo
159 1691 222 1731 ¹antea
233 1694 320 1731 servitio
332 1693 414 1743 peccati
429 1699 475 1730 erat
491 1693 634 1743 mancipatus,
653 1700 674 1731 et
684 1707 722 1743 pro
740 1690 821 1731 ririhu‘s
833 1700 919 1743 propter

110 1754 221 1792 corruisse
231 1755 285 1792 mala
296 1755 421 1793 satisfacere
433 1755 460 1792 sit
472 1754 581 1793 sollicitus«

181 1874 261 1934 ltuoad
274 1875 348 1944 ipsam
362 1874 500 1927 evirationem
514 1874 583 1927 animi
597 1874 681 1927 inullis
696 1874 852 1927 adhibendam.

186 1999 205 2052 ξ.
219 1997 268 2039 106.
281 2001 376 2039 Prudens
389 2007 410 2038 et
421 2000 576 2050 ‘circumspecta
588 2001 709 2050 praecautio
722 2001 734 2038 a
745 2001 804 2038 novis
816 2001 874 2039 vitiis
887 2001 920 2040 hic

109 2062 232 2100 necessaria
244 2069 283 2100 est.
295 2060 438 2108 Ernezdotto,
451 2074 502 2112 quae
514 2062 574 2100 modo
586 2059 619 2099 est
630 2066 763 2113 praeparata,
776 2062 873 2101 diuturna
885 2064 920 2108 sit,

109 2119 131 2161 ei
141 2124 222 2173 etz-tos,
235 2123 260 2160 ad
278 2135 338 2173 quam
357 2124 442 2174 propius
455 2123 546 2161 accessit
558 2124 676 2173 poenitens,
695 2124 715 2161 in
727 2123 872 2162 neoconverso
884 2123 919 2162 ha-

109 2182 158 2222 beat
169 2184 250 2222 fidelem
263 2191 283 2221 et
294 2185 414 2223 continuum
426 2191 560 2223 sectatorem.
574 2185 722 2223 Confessarius
734 2185 804 2236 itaque
817 2187 918 2224 eumedo-

111 2252 157 2284 eeat
169 2253 190 2283 et
200 2246 298 2290 instruat,
311 2247 411 2294 quomodo
424 2246 559 2285 difficultates
572 2247 711 2284 emendationi
726 2247 811 2295 junctas
824 2254 918 2296 superet,

111 2314 131 2345 et
141 2307 216 2357 'quibus
227 2305 300 2344 mediis
312 2306 363 2344 haee
376 2308 465 2358 egregia
477 2307 539 2344 animi
557 2319 619 2345 sensa
637 2308 716 2345 nutriat
727 2303 844 2358 foveatque.
865 2299 918 2346 Gon-

110 2369 312 2417 fessariuspeccata
324 2379 350 2404 ex
362 2368 428 2405 animo
447 2367 586 2417 poenitentis,
605 2375 627 2406 ut
638 2369 667 2405 ita
679 2369 756 2413 dicant,
774 2370 864 2414 evellat,
883 2370 917 2408 de·

111 2429 209 2467 struendo
222 2428 304 2466 habitus
315 2429 404 2466 vitiosos
416 2435 437 2466 et
446 2429 610 2466 eonsuetudines
622 2436 659 2479 per
672 2430 803 2479 frequentem
821 2426 917 2479 peccato-

110 2503 156 2529 rum
167 2490 313 2540 repetitionem
329 2496 462 2536 contractas3
482 2489 589 2540 disperdat
606 2491 715 2540 passiones
733 2498 754 2529 et
771 2492 917 2530 inclinationes

109 2551 249 2597 inordinatas,
268 2563 319 2601 quae
338 2558 386 2589 sunt
405 2552 465 2601 quasi
480 2552 563 2590 radices
579 2558 599 2590 et
616 2552 717 2602 reliquiae
735 2560 881 2602 peccatorum,
898 2560 918 2590 ct

111 2612 199 2662 dissipet
210 2612 332 2651 occasiones
343 2613 459 2661 proximas,
471 2613 591 2662 praecipue,
604 2614 700 2663 aquibus
718 2615 828 2663 poenitens
846 2615 870 2652 ad
889 2616 917 2652 la-

110 2677 170 2720 psum
181 2674 305 2724 impellitur,
324 2673 376 2711 etin
388 2674 493 2724 antiquam
511 2674 618 2712 miseriam
636 2673 780 2723 protrahitur,
800 2682 860 2725 atque
878 2674 917 2713 hac

110 2733 191 2771 ratione
203 2735 282 2773 morbis
295 2734 364 2780 animi,
376 2735 410 2784 qui
422 2741 470 2773 sunt
480 2741 575 2784 peecata,
588 2735 717 2774 curationem
733 2742 752 2773 et
770 2737 871 2774 medelam
883 2737 916 2773 ad·

110 2801 200 2832 moveat.
224 2795 282 2844 Quod
304 2795 395 2833 officium
412 2796 507 2834 ultimum
526 2796 603 2834 claudit
620 2797 739 2835 functiones
757 2797 882 2835 confessarii
896 2797 916 2834 in

111 2854 236 2893 emendando
248 2862 368 2906 peccatore,
381 2863 408 2902 et,
420 2870 446 2894 ne
458 2857 524 2894 omnis
536 2858 594 2895 labor
607 2858 634 2895 sit
645 2858 723 2903 inanis,
736 2859 827 2896 sedulam
839 2857 916 2895 sollici-

112 2913 202 2951 tudinem
214 2922 235 2952 et
245 2918 368 2965 profundam
381 2918 467 2956 curandi
477 2917 569 2956 methodi
579 2918 740 2970 intelligentiam
751 2919 848 2968 postulat.
