2017 3193
882 94 910 137 ta

101 210 165 260 ponit,
178 222 204 247 ex
216 222 256 259 qua
267 210 317 247 illud
329 217 451 249 secuturum
462 211 577 258 praevidet.
589 211 651 248 Ratio
665 216 704 255 est,
722 209 769 259 quia
780 207 913 245 homicidium

103 283 162 309 omne
174 271 315 308 voluntarium
326 278 457 309 reservatur.
472 271 593 308 Excusatur
605 283 655 308 vero
669 285 680 310 a
698 268 860 312 reservatione,
880 268 914 318 qni
956 311 958 313 ,

101 333 135 369 vel
146 331 280 369 homicidium
293 331 376 382 ejusque
388 331 505 383 periculum
517 331 638 368 nullatenus
646 331 756 380 praevidit,
769 331 803 367 vel
816 336 914 379 quantum

104 393 128 431 ad
142 404 233 439 cansam,
248 404 307 444 quam
319 394 394 444 posuit,
411 393 435 432 ab
448 392 504 430 omui
521 392 555 429 vel
573 392 647 429 saltem
666 395 727 445 gravi
739 395 799 444 eulpa
817 391 914 430 immunis

104 462 202 495 censetur
217 469 237 494 v.
254 470 275 509 g.
291 457 337 496 dum
351 457 445 496 medicus
460 455 481 493 in
497 467 573 507 magno
593 454 712 493 discrimine
730 464 750 495 et
773 456 809 496 ubi
829 455 914 495 mitiora

104 519 158 557 fraud
170 519 269 558 sufficere
281 521 411 564 videbantur,
424 518 513 557 medium
524 517 665 567 periculosum
678 517 774 556 adhibuit.

180 577 201 619 4}
218 581 261 620 Sub
274 582 311 621 hoc
324 594 375 621 casu
388 582 451 619 etiarn
469 579 652 629 comprehenditur
662 583 793 630 procuratio
810 582 912 629 (adortus,

105 649 138 680 ast
150 648 192 680 tum
204 644 277 689 solum,
290 644 324 682 ubi
335 643 426 681 foemina
437 653 559 692 praegnans
570 640 611 679 hae
623 653 669 679 cum
680 641 795 678 intentione
807 643 913 681 sufficien-

104 710 146 742 tem
158 716 242 743 causam
260 707 346 744 abortus
365 703 474 741 subsecuti
492 703 572 752 posuit:
592 715 610 740 e.
631 716 652 753 g.
673 702 772 741 sumendo
792 702 913 742 medicinam

104 765 158 804 hune
169 766 189 803 in
200 767 262 805 iiuem
275 771 424 814 comparatam,
437 771 504 802 semet
514 764 610 815 urgendo
623 764 647 801 ad
659 764 791 813 periculosos
804 765 870 802 saltus
879 766 912 802 vel

103 827 194 872 labores,
207 826 359 878 comprimendo
373 827 440 863 alvum
453 832 493 863 etc.
509 826 580 875 Neque
592 831 661 863 tamen
674 825 726 863 hauc
746 825 914 863 reservationem

103 888 193 926 incurrit
204 895 280 932 mater,
293 899 344 936 quae
356 887 428 924 labore
440 887 473 923 vel
486 898 607 935 quocunque
620 886 659 923 alio
675 887 734 924 modo
755 886 833 934 absque
845 885 912 922 inten-

104 949 159 985 tione
171 960 256 985 causam
269 948 362 990 abortus,
374 947 424 984 licet
436 947 531 996 graviter
544 946 675 994 culpabilem,
687 946 816 994 praebuerit,
828 946 914 983 Pariter

104 1008 164 1045 deest
174 1007 301 1051 reservatio,
313 1006 348 1043 ubi
360 1007 448 1043 effectus
460 1018 500 1043 non
513 1012 545 1042 est
557 1012 650 1044 secutus.

104 1089 227 1132 Antiquiores
237 1089 310 1122 foetum
320 1089 417 1122 (trituratoria
427 1087 450 1121 ab
459 1089 559 1122 inentintcto
569 1088 688 1131 distinguunt
697 1092 829 1129 autumantes,
842 1089 916 1123 foetum

128 1138 236 1171 masculum
251 1137 280 1171 die
294 1142 341 1180 post
354 1138 500 1180 conceptionem
512 1137 591 1170 circiter
603 1139 644 1177 hb,
664 1138 782 1171 foemineum
799 1147 847 1171 vero
863 1139 915 1171 eirca

130 1187 180 1221 diem
187 1188 217 1221 80,
226 1186 310 1221 animari.
320 1186 448 1221 Recentiores
458 1187 507 1221 hanc
516 1186 657 1221 dIstinctionem
667 1187 762 1230 rejiciunt,
773 1188 865 1222 docentes
875 1188 916 1222 foe·

130 1242 170 1271 tum
183 1237 201 1272 in
217 1237 260 1282 ipso
274 1237 405 1282 conceptionis
420 1242 517 1272 momento
531 1237 617 1271 animari.
634 1238 675 1281 Quo
693 1242 780 1272 assumto
794 1239 838 1273 dum
850 1239 915 1273 foetus

130 1292 229 1330 enecatur,
239 1297 354 1332 quocunque
365 1292 452 1332 tempore
465 1288 484 1322 id
493 1288 532 1330 fiat,
546 1297 624 1333 semper
636 1289 694 1322 honio
707 1289 808 1323 occiditur.
826 1290 915 1323 Attamen

131 1338 227 1372 distinctio
238 1338 269 1371 illa
279 1339 342 1382 quoad
352 1348 424 1381 poenas
435 1339 580 1372 ecclesiasticas
591 1339 698 1372 adhucdum
708 1338 787 1373 obtinet.
806 1339 916 1382 curitaque

130 1393 218 1431 tempore
226 1397 237 1421 a
246 1388 290 1431 lege
300 1391 373 1421 statuto
380 1388 420 1429 jam
429 1388 553 1430 paeterlapso
563 1388 636 1421 foetum
646 1387 719 1421 directe
732 1388 816 1432 abigunt,
826 1388 857 1421 rel
869 1398 915 1431 quo·

129 1438 280 1481 demumeunque
294 1437 351 1470 modo
364 1437 470 1470 efficaciter
483 1441 503 1470 et
516 1437 589 1470 directe
603 1441 732 1480 cooperantur
753 1438 810 1480 juxta
832 1438 915 1471 Constit.

131 1487 221 1529 Gregorii
230 1486 282 1520 XIV.
291 1487 366 1529 „Sedes
379 1486 503 1530 Apostolica“
517 1488 546 1519 31.
559 1485 605 1526 maji
615 1488 668 1520 1591.
684 1485 756 1520 effectu
768 1490 837 1520 secuto
853 1487 916 1519 incur-

129 1535 419 1579 runta)exconuuunicationem
427 1536 478 1569 latae
488 1535 596 1568 sententiae
605 1539 727 1569 reservatam
737 1534 917 1579 episcopo,b)irre-

129 1584 253 1627 gularitatem
263 1594 338 1617 summo
348 1584 437 1617 Pontifici
449 1588 582 1623 reservatam,
595 1586 614 1624 c}
625 1584 642 1616 si
652 1584 718 1617 cleriei
730 1585 811 1624 fuerint,
824 1584 917 1626 privatio-

129 1641 172 1665 nem
182 1632 269 1666 benetieii
283 1637 303 1665 et
316 1633 420 1675 dignitatis,
434 1633 452 1665 si
462 1642 518 1675 quam
527 1632 610 1665 habeant
619 1636 639 1665 et
646 1633 666 1672 d)
676 1633 699 1666 ad
707 1633 808 1674 dignitates
819 1632 851 1665 vel
860 1632 917 1665 bene·

132 1680 174 1714 ficia
185 1681 287 1714 obtinenda
296 1680 344 1714 fiunt
353 1680 454 1722 inhabiles,
464 1682 502 1714 imo
512 1681 550 1723 ipsi
559 1681 690 1723 degradationi
700 1681 783 1714 obnoxii.

186 1739 206 1781 5.
218 1744 296 1781 Nostro
309 1756 367 1788 casu,
379 1756 418 1793 quo
430 1743 563 1781 homicidium
574 1743 715 1781 voluntarium
727 1744 850 1793 simpliciter
862 1745 919 1781 nulla

110 1804 202 1841 uberiori
213 1804 334 1841 extensione
344 1804 413 1841 addita
424 1810 559 1847 reservatur,
571 1804 701 1848 mandantes,
713 1806 854 1848 consulentes,
869 1816 917 1841 con-

110 1864 226 1901 sentientes
239 1870 278 1900 eto.
292 1876 303 1900 a
314 1864 460 1900 reservatione
469 1864 595 1907 eximuntur,
603 1863 665 1912 juxta
673 1864 769 1914 regulam
778 1876 917 1903 communem:

112 1924 190 1963 „Solve
202 1924 332 1969 mandantes
344 1924 385 1962 uisi
393 1923 443 1973 jura
454 1924 586 1962 reservant.²⁷

442 2060 472 2101 11.
488 2060 592 2103 sodomia.

186 2173 298 2223 Apostolus
309 2173 349 2212 hoc
361 2173 492 2212 teterrimum
504 2175 608 2226 flagitium
621 2187 659 2214 ceu
671 2187 773 2213 smmnam
786 2182 806 2213 et
817 2178 920 2227 serptnam

110 2235 199 2274 hominis
212 2248 224 2272 a
234 2235 280 2273 Deo
293 2236 360 2273 avulsi
371 2236 507 2287 ignominiam
520 2237 652 2287 designavit,
667 2237 764 2275 scribens
776 2239 834 2275 Rom.
851 2239 866 2275 l.
883 2235 919 2277 26.

111 2310 155 2348 sqq.
176 2297 305 2345 „Propterea
317 2297 403 2335 tradidit
422 2297 469 2335 illos
480 2298 539 2335 Deus
554 2299 575 2335 iu
590 2299 699 2347 passiones
711 2299 845 2350 ignominiae.
868 2300 921 2338 Nam

112 2359 214 2397 foeminae
227 2370 298 2396 eorum
309 2358 473 2397 inuuutaverunt
489 2360 608 2397 naturalem
624 2373 684 2397 usum
701 2360 722 2397 in
740 2373 787 2398 eum
800 2373 867 2406 usum,
887 2362 921 2411 qui

112 2426 229 2458 esteontra
241 2426 344 2458 naturam.
357 2420 459 2458 Similiter
472 2427 541 2458 auteur
552 2426 574 2458 et
584 2421 680 2464 irrasculi,
692 2422 767 2458 relicto
779 2423 872 2459 naturali
882 2434 922 2460 usu

111 2482 220 2524 foeminae,
233 2488 361 2519 exarserunt
367 2481 388 2518 in
396 2481 506 2525 desideriis
519 2481 563 2519 suis
573 2482 594 2518 iu
605 2482 702 2526 invicem,
715 2483 804 2520 masculi
810 2483 831 2520 in
840 2495 921 2521 mascu-

111 2544 143 2579 los
155 2541 302 2590 turpitudinem
321 2548 444 2591 operantes,
464 2548 485 2578 et
502 2542 631 2586 mercedem,
647 2554 708 2591 quam
723 2544 825 2590 oportuit,
841 2544 922 2580 erroris

112 2603 145 2638 sui
156 2603 177 2639 in
185 2601 308 2651 *semetipsis
316 2602 451 2650 recipientes.
463 2604 491 2639 Et
501 2603 557 2640 sicut
567 2614 608 2639 non
619 2603 836 2650 probaveruntDeum
844 2603 922 2640 habere

112 2661 132 2696 in
144 2662 229 2705 notitia;
247 2661 331 2698 tradidit
349 2662 397 2699 illos
408 2663 467 2699 Deus
485 2662 509 2698 iu
524 2663 636 2711 reprobum
654 2675 746 2707 sensum,
758 2669 781 2700 ut
797 2663 875 2700 faciant
891 2676 922 2707 ea,

113 2731 165 2767 qliae
177 2734 217 2759 non
230 2721 374 2759 conveniunt.”

189 2783 274 2822 Dicitur
286 2795 335 2820 vero
348 2779 458 2821 Sodomae
468 2784 570 2822 nefandus
579 2785 647 2822 coitus
655 2785 743 2822 duorum
751 2785 843 2833 ejusdem
851 2797 921 2830 sexus,

113 2841 178 2881 uraris
192 2857 237 2883 cum
250 2858 315 2892 mare,
328 2845 360 2882 vel
373 2844 476 2885 foeminae
485 2846 636 2894 cumfoemina,
648 2860 686 2886 seu
698 2855 721 2886 ut
733 2848 755 2887 S.
769 2848 861 2887 Thomas
873 2845 892 2886 2.
901 2844 921 2886 2

115 2917 132 2955 q.
157 2901 207 2944 154.
231 2915 270 2947 art.
295 2905 329 2948 11.
345 2908 430 2948 scribit:
447 2910 559 2950 „Sodomia
578 2917 612 2949 est
632 2916 742 2961 peccatum
768 2917 841 2950 eontra
863 2916 922 2949 uatu-
