2017 3193
350 202 551 258 inconsiderantia.

126 339 143 392 ξ,
158 333 194 376 32.
212 334 272 372 Η111
290 343 364 370 noxam
379 326 522 365 confessarius
540 326 609 363 multis
621 328 727 377 variisque
745 325 811 363 modis
825 324 856 362 in·

55 402 126 444 currit.
138 400 204 436 Reum
217 408 239 433 se
251 393 312 442 hujus
323 387 406 443 peceati
417 386 479 431 facit,
496 386 530 436 qui
540 385 734 426 in‘administrando
745 385 857 424 Paeniten-

54 466 94 503 tiae
107 456 285 499 Sacramentovel
293 460 372 492 temere
383 448 417 485 vel
429 460 455 485 111
461 447 568 497 proposito
580 453 665 484 nectere
674 449 755 499 quaerit
766 447 857 490 vincula,

55 536 105 575 quae
118 527 153 560 aut
163 521 229 559 bonae
240 516 307 568 ipsius
319 514 400 554 famae,
412 509 446 546 vel
457 506 599 558 planevirtuti
610 508 728 556 periculosa
739 515 794 547 sunt.
808 506 857 556 Qui-

55 587 100 624 dam
112 579 236 622 confessarii
248 591 265 616 1.
279 589 299 628 g.
313 586 335 612 se
346 570 474 615 immiscent,
492 568 540 619 quin
552 568 695 606 necessarium
707 570 774 615 foret,
791 569 857 608 variis

55 645 145 684 familiae
156 632 262 694 negotiis,
280 635 349 684 ibique
368 631 436 670 onmia
448 631 472 669 ad
484 635 574 668 mentem
586 642 645 667 suam
657 630 753 667 ordinare
766 632 856 681 eupiunt,

55 708 134 757 hacque
146 705 226 742 ratione
239 700 371 737 diversarum
383 692 537 730 dissensionum
549 703 620 728 ansam
631 691 739 741 praebent.
756 692 806 737 Alii,
824 692 859 729 ubi

57 769 96 806 sihi
108 767 230 805 confitentes
248 758 352 801 invisunt,
370 754 462 805 querelis
475 765 545 791 eorum
562 752 586 789 de
598 753 645 790 aliis
661 753 808 799 consentiunt,
826 758 860 790 aut

57 827 215 869 accuratissime
231 832 276 859 cum
291 817 343 868 ipsis
354 816 484 868 investigant
501 821 522 853 et
539 815 657 853 examinant
668 815 761 854 actiones
774 814 861 853 aliorum

52 879 236 931 'confessariorum
247 887 268 919 et
279 879 439 930 poenitentium,
457 889 497 928 qua
512 876 587 928 agendi
603 877 685 915 ratione
703 889 794 916 amorem
810 887 862 926 erga

57 952 173 1003 proximum
184 945 278 988 laedunt,
297 947 318 979 et
328 940 429 979 honorem
441 939 543 989 sibiipsis
556 937 646 977 debitum
657 938 677 976 in
693 939 808 990 periculum
826 951 862 976 ro-

60 1021 113 1053 eant.
130 1011 170 1051 Alii
186 1008 254 1046 111111
276 1002 436 1054 sentiliera'tqte
452 1002 472 1039 in
491 1001 531 1039 sibi
546 1000 668 1040 confitentes
686 1008 782 1047 utuntur,
800 1007 861 1051 atque

59 1075 98 1113 hoc
109 1072 166 1111 modo
179 1081 219 1106 non
231 1066 308 1110 solum,
327 1065 374 1102 dum
392 1076 430 1114 per
441 1069 534 1101 mutuum
550 1075 641 1100 amorem
656 1063 783 1115 agglutinati
801 1068 862 1107 sunt,

59 1136 100 1174 Dei
116 1143 205 1171 amorem
223 1133 280 1167 tanto
294 1126 430 1171 imminuunt,
448 1131 523 1175 quanto
545 1123 640 1163 sensibili
656 1137 693 1163 suo
711 1131 731 1163 et
744 1125 863 1176 periculoso

60 1207 129 1233 amore
141 1190 264 1243 proficiunt,
277 1188 314 1226 sed
326 1187 388 1225 ctiam
401 1186 521 1225 auctoritati
533 1197 583 1223 suae
595 1185 707 1224 detrahunt
719 1193 739 1224 et
750 1184 865 1236 poenitenti

59 1261 143 1299 nocent,
162 1253 234 1303 quippe
252 1255 339 1300 propter
351 1248 515 1286 familiaritatem
532 1247 615 1285 nimiam
634 1248 749 1286 auctoritas
764 1254 785 1286 et
803 1259 864 1285 reve·

59 1316 127 1355 rentia
138 1314 203 1364 perit,
221 1310 376 1350 exhortationes
388 1310 445 1348 illius
459 1310 534 1360 exiguo
547 1309 617 1347 fructu
630 1310 750 1355 audiuntur,
763 1310 823 1354 adeo,
842 1314 865 1346 11

60 1383 144 1428 propter
156 1374 263 1413 lenitatem
276 1371 402 1411 confessarii
414 1384 425 1408 a
436 1371 555 1422 poenitente
566 1370 653 1408 liberius
665 1377 772 1421 peccetur.
784 1393 814 1399 ω
825 1372 864 1409 111·

60 1436 217 1489 prudentissimi
230 1440 298 1472 autem
312 1439 333 1471 11
344 1433 433 1471 maxime
447 1432 554 1470 temerarii
566 1432 692 1470 confessarii
704 1439 764 1479 sunt,
782 1433 817 1484 qui
827 1435 865 1471 oz-

61 1500 168 1538 certatorem
186 1496 293 1548 quamdam
303 1494 481 1545 sarrttltaritdtem
493 1506 541 1532 11111
552 1505 610 1532 scaete
625 1495 736 1543 soenttneo
754 1495 807 1533 inire
825 1506 866 1532 non

62 1567 173 1605 verentur,
191 1565 212 1596 et
223 1557 267 1606 ejus
280 1556 428 1606 frequentiori,
445 1556 495 1594 licet
507 1555 594 1593 noudum
607 1555 690 1602 illicito,
703 1557 808 1595 consortio
824 1555 868 1594 frui

11 1628 13 1630 ’
63 1619 165 1668 11111111),
184 1619 249 1669 Quam
267 1618 328 1656 facile
344 1617 449 1656 subintrat
461 1618 550 1655 animum
565 1617 682 1655 sacerdotis
698 1618 817 1656 inordinata
832 1630 866 1656 cu-

10 1728 12 1733 .
62 1683 121 1732 pido,
139 1694 191 1732 quae
205 1693 257 1730 puro
275 1680 342 1730 ipsius
356 1679 437 1717 fervori
456 1679 554 1730 derogat!
572 1684 593 1716 et
613 1680 677 1717 multo
694 1680 790 1726 facilius,
807 1677 867 1729 quam

63 1743 164 1789 creditum
183 1754 208 1780 ex
220 1740 363 1779 aestimatione
376 1747 397 1779 et
408 1740 539 1785 reverentia,
557 1752 596 1789 qua
609 1739 717 1779 devotulae
732 1741 812 1792 aliquae
824 1734 867 1778 foe·

62 1804 201 1855 minaeerga
221 1802 374 1841 confessarium
396 1814 456 1839 suum
474 1801 590 1846 ducuntur,
608 1802 706 1851 paulatim
724 1803 831 1842 suboritur
847 1815 868 1840 a·

63 1878 120 1911 mor,
137 1866 214 1915 probus
227 1863 308 1913 quidem
321 1869 341 1900 et
353 1862 478 1912 spiritualis,
496 1869 518 1901 ut
529 1868 615 1907 vocant,
633 1864 667 1913 qui
681 1870 802 1902 tamennon
819 1877 868 1902 raro

63 1926 83 1964 in
95 1939 152 1964 111111
164 1926 283 1964 sensualem
297 1925 418 1975 degenerat.
438 1924 532 1970 Sensim,
549 1924 594 1962 sine
614 1936 690 1971 sensu,
708 1926 764 1964 tinea
777 1926 799 1964 in
810 1931 870 1964 veste

64 1988 170 2033 nascitur,
188 1993 209 2024 11
227 1998 271 2024 eam
283 1985 352 2034 rodit:
369 1986 400 2024 sie
412 1986 492 2035 pariter
508 1986 585 2023 sensim
601 1998 626 2023 ex
644 1988 805 2026 conversatione
823 1999 871 2026 cum

63 2048 151 2086 muliere
166 2048 234 2085 oritur
252 2047 321 2085 libido.
341 2046 431 2095 „Quanti
447 2053 467 2084 et
481 2049 557 2097 quales
575 2046 675 2097 Episcopi
690 2055 711 2086 et
732 2049 806 2088 cleriei
823 2054 871 2099 post

65 2109 218 2148 confessionum
231 2115 251 2145 et
263 2108 400 2146 victoriarum
413 2109 494 2147 calcata
506 2108 634 2153 certamina,
650 2110 717 2159 iuquit
735 2111 757 2149 S.
770 2110 870 2161 Augusti·

65 2181 113 2215 nus,
125 2175 173 2220 post
184 2169 288 2221 magnalia
301 2176 321 2207 11
333 2170 395 2220 sigua
405 2170 509 2207 mirabilia
524 2181 671 2220 usquequaque
691 2178 814 2217 monstrata,
834 2184 870 2209 no-

66 2237 153 2269 scuntur
172 2243 217 2269 cum
235 2230 267 2268 his
284 2230 377 2268 omnibus
393 2231 539 2281 naufragasse,
558 2243 604 2269 enm
619 2232 692 2270 volunt
702 2233 723 2270 in
735 2233 783 2271 navi
797 2230 873 2284 fragili

66 2292 173 2343 navigare.
193 2291 285 2340 Quantos
303 2293 375 2330 leones
391 2292 469 2330 doumit
488 2304 529 2330 una
549 2292 660 2330 infirmitas
682 2294 785 2339 delicata,
801 2294 822 2332 id
840 2298 874 2331 est

66 2352 158 2398 luxuria,
176 2365 228 2403 quae
241 2365 286 2391 11111
299 2354 327 2390 sit
338 2353 386 2390 vilis
399 2359 419 2390 et
430 2353 521 2398 misera,
534 2353 558 2390 de
570 2354 652 2404 anagnis
664 2355 764 2405 praedam
775 2353 872 2403 faeie-²).

66 2414 94 2450 Et
105 2414 162 2461 alibi:
176 2414 275 2453 „medua
283 2414 344 2460 milri,
357 2414 467 2464 episcopus
477 2427 532 2460 sum,
543 2415 735 2466 veritatemloquor
747 2417 768 2455 in
781 2417 873 2463 Christo,

67 2485 107 2511 non
121 2475 224 2521 mentior,
242 2475 317 2514 cedros
330 2475 406 2513 Libani
421 2483 442 2514 et
457 2476 535 2514 arietes
552 2488 642 2527 gregum
661 2478 764 2517 cecidisse
775 2479 818 2517 vidi
836 2479 873 2516 sub

15 2588 16 2592 Ἰ
68 2533 106 2573 hac
118 2536 187 2586 speeie
200 2536 304 2575 amicitiae
322 2537 454 2586 spiritualis,
472 2537 497 2575 de
510 2550 597 2588 quorum
610 2550 660 2576 casu
671 2551 711 2577 non
729 2540 798 2592 magis
813 2552 874 2590 prae·

69 2597 173 2635 sumebam
186 2610 245 2648 quam
262 2597 365 2649 Gregorii
375 2598 506 2636 Nazianzeni
524 2605 544 2637 et
555 2599 675 2637 Ambrosii’'
686 2597 713 2648 3).
732 2601 791 2650 „Quo
806 2602 875 2639 minus

70 2654 114 2703 quis
125 2657 196 2705 timet,
214 2671 237 2697 eo
250 2658 316 2707 majus
329 2665 361 2697 est
371 2658 501 2709 periculum;
515 2672 553 2710 quo
565 2661 634 2712 magis
646 2661 692 2712 quis
704 2663 789 2701 confidit
799 2660 876 2700 virtuti

70 2726 132 2763 suae,
150 2732 173 2758 eo
186 2720 265 2759 certior
277 2726 309 2757 est
320 2720 398 2770 lapsus.
418 2721 441 2758 In
452 2720 491 2759 liae
502 2727 563 2771 parte
575 2722 659 2772 expedit
669 2724 716 2773 plus
728 2725 781 2763 bene
793 2725 875 2766 timere,

69 2805 236 2821 Q———u

95 2859 110 2899 ¹)
121 2859 242 2896 0111111111,
253 2862 387 2897 (1111111111
400 2868 532 2907 peccatorum
544 2866 566 2903 P.
576 2869 617 2902 ott.
632 2868 699 2903 colon.
715 2870 767 2904 1619.
780 2889 804 2893 -
816 2871 831 2909 ²)
843 2868 874 2902 De

119 2907 188 2943 Verbis
197 2911 281 2945 nonunt
290 2931 315 2936 -
323 2914 339 2953 3)
348 2913 378 2945 De
389 2911 537 2948 Gohabitatione
546 2915 661 2951 elericorum
671 2921 691 2951 et
699 2920 806 2952 mulierum.
