2017 3193
861 92 908 135 303

96 214 117 251 in
129 223 191 250 sacro
203 208 310 254 tribunali,
324 210 399 247 afferre
412 209 487 247 debet?
500 208 552 258 Quia
564 216 632 247 tamen
644 210 703 247 Deus
717 214 750 246 ter
759 206 854 256 Optimus
862 207 907 244 Ma-

95 274 163 312 ximus
174 271 215 309 hoc
227 270 318 309 officium
329 283 369 309 non
382 271 472 322 angelis,
485 271 522 309 sed
532 271 621 309 infirmis
634 269 759 314 hominibus,
779 268 851 319 quales
863 268 907 306 uni-

95 334 176 372 versim
188 344 267 377 sumus,
286 332 391 383 imposuit,
411 332 503 380 ejusdem
522 333 618 383 gravitas
637 332 662 370 ad
679 332 807 370 indefessam
826 329 908 381 quidem

95 393 220 434 industriam
231 406 355 443 provocare,
366 393 470 432 neminem
481 405 532 430 vero
550 393 659 431 deterrere
675 394 742 431 debet.
759 393 867 432 Sacerdos
883 391 908 429 ad

95 457 115 494 id
127 467 200 493 munus
213 455 329 506 deputatus,
348 456 395 494 dum
406 454 440 499 id,
456 453 509 503 quod
524 465 583 491 suum
598 460 644 499 est,
661 467 699 502 pro
716 454 797 492 viribus
816 453 908 497 confert,

92 518 141 566 jure
158 517 208 555 illud
225 516 248 554 S.
265 518 342 555 Leonis
360 517 437 554 dictum
455 514 495 552 sihi
512 520 610 564 usurpat:
635 513 689 562 „Qui
704 515 755 552 mihi
770 515 857 553 honoris
874 520 908 553 est

96 584 176 622 auctor,
193 577 238 628 ipse
254 577 304 616 mihi
320 578 357 615 fiet
374 574 561 614 administrationis
580 574 677 623 adjutor,
695 580 715 611 et
730 587 754 612 ne
770 577 808 613 sub
824 576 906 627 magni-

95 639 165 677 tudine
182 639 264 690 gratiae
282 638 406 677 succumbat
421 637 531 681 infirmus,
556 636 612 673 dabit
627 636 741 681 virtutem,
765 636 799 685 qui
819 637 907 675 eontulit

95 699 264 752 dignitaten1¹].⁴‘

95 760 155 802 Quale
164 769 205 793 nam
211 759 304 802 judicium
315 759 337 791 de
347 756 433 799 legitima
442 756 558 799 poenitentis
568 755 695 799 dispositione
705 755 723 788 in
736 756 802 789 ordine
816 756 840 790 ad
849 756 906 790 abso-

118 808 209 842 lutionem
220 806 381 841 sacramentalem
390 806 409 838 in
419 806 541 838 confessario
550 803 670 848 requiritur?
681 804 875 848 Theologiresponso
883 805 906 838 ab

119 857 201 891 invicem
210 856 292 890 vocibus
302 859 321 888 et
334 855 391 888 modo
405 854 495 897 loquendi
509 853 612 895 dissident,
627 853 669 886 aliis
684 853 805 896 exigentibus
814 855 906 893 fridicione

118 909 205 949 prruteos,
217 905 259 938 aliis
268 905 371 947 probabile,
384 902 426 936 aliis
437 903 519 946 denique
534 905 628 935 orrorrrltter
636 907 713 941 cerfomt
727 911 795 936 verum
811 903 847 937 tria
858 904 907 937 haee

119 964 179 988 sensu
188 955 251 997 allone
262 963 309 986 sano
320 951 442 992 conveniunt,
453 961 475 985 ae
485 952 599 986 coincidunt.
613 970 637 975 —
651 951 747 985 sufficere
757 953 776 985 in
786 953 907 986 confessario

116 1004 205 1042 fridicione
213 1005 294 1040 prodens
304 1001 327 1034 de
336 1001 422 1044 legitima
437 1001 554 1045 poenitentis
562 1001 706 1044 dispositione,
721 1000 752 1034 oui
765 999 906 1035 absolutionem

120 1053 209 1085 conferre
218 1051 283 1090 liceat,
292 1060 328 1094 per
337 1059 360 1083 se
369 1049 446 1084 videtur
455 1050 583 1083 manifestum.
598 1050 646 1092 Quid
656 1050 705 1083 enim
715 1059 726 1082 a
736 1050 857 1083 confessario
867 1059 907 1083 am-

119 1100 169 1142 plius
180 1100 230 1142 exigi
239 1103 311 1142 potest,
323 1108 378 1143 quarn
388 1103 410 1132 ut
419 1099 545 1132 ministerium
555 1108 611 1131 suum
621 1098 727 1142 prudenter
739 1099 854 1142 adimpleat,
872 1109 907 1133 eos

118 1147 213 1182 beneficio
223 1147 351 1181 absolutionis
362 1147 458 1190 donando,
470 1157 518 1191 quos
528 1148 618 1191 prudenti
624 1147 697 1189 judicio
708 1157 791 1190 capaces
801 1148 906 1192 dignosque

120 1207 165 1231 esse
175 1195 296 1230 arbitratur?
309 1197 346 1230 Alii
355 1201 443 1230 statuunt
452 1197 543 1235 judiciem
553 1198 656 1237 probabile,
670 1196 721 1240 quod
729 1197 862 1240 respuendum
870 1207 908 1230 non

119 1250 157 1286 est,
167 1246 184 1278 si
198 1246 251 1279 dicas
260 1246 350 1284 jadtotron
360 1248 415 1288 istud,
430 1246 480 1289 quod
492 1246 559 1278 nititur
569 1246 641 1278 motivo
652 1245 741 1278 absolute
749 1246 907 1289 etcomparative

119 1295 175 1338 gravi
185 1303 207 1328 ae
216 1294 327 1336 sufficienti,
336 1298 358 1327 ut
366 1295 432 1328 trahat
440 1294 502 1327 virum
512 1294 626 1337 prudentem
635 1295 654 1327 in
663 1303 773 1327 assensum.
782 1295 831 1327 Allis
840 1294 906 1338 placet

118 1352 190 1377 vocare
197 1343 291 1386 judicium
300 1345 393 1381 rreorol'ter
402 1348 476 1385 cerbon,
487 1343 555 1386 qulbus
565 1343 661 1377 assentire
670 1342 722 1383 lieet,
732 1344 749 1375 si
758 1343 839 1376 moralis
847 1345 906 1377 certi·

118 1393 164 1426 tudo
175 1393 281 1435 accipiatur
289 1402 324 1435 pro
335 1401 364 1433 ea,
374 1401 423 1435 quae
430 1391 486 1432 juxta
499 1401 618 1425 communem
630 1392 728 1425 hominnm
743 1392 905 1426 existimationem

119 1440 197 1481 sufficit,
207 1445 229 1474 ut
237 1441 306 1483 aliquis
315 1441 421 1485 prudenter
428 1444 478 1483 agat,
489 1441 533 1484 quia
539 1440 613 1481 justam
623 1440 761 1474 dubitationem
771 1441 862 1474 excludit.

95 1490 144 1532 Quid
153 1500 208 1530 vero,
223 1489 240 1522 si
247 1490 309 1533 ,dubia
322 1494 353 1523 θεῖ
365 1489 480 1532 poenitentis
494 1489 594 1532 dispositio
605 1493 624 1522 et
633 1489 691 1522 simul
699 1489 809 1522 necessitas
827 1490 905 1524 absolu·

118 1539 189 1572 tionem
203 1537 281 1571 differre
294 1537 394 1580 prohibet,
413 1547 458 1570 num
472 1538 603 1571 confessarius
616 1538 744 1580 impertiendo
762 1537 905 1573 absolutionem

119 1587 207 1629 sequitur
213 1587 306 1627 judicium
316 1585 414 1629 prudens?
423 1586 519 1627 Dicimus,
528 1596 566 1619 non
576 1587 652 1629 quidem
662 1587 685 1619 de
694 1586 780 1629 legitima
788 1588 905 1629 poenitentis

119 1635 251 1677 dispositione,
266 1645 309 1668 cum
323 1636 346 1668 de
359 1635 392 1668 illa
405 1636 510 1678 prudenter
524 1634 612 1669 dubitare
626 1638 745 1678 supponatur
763 1636 905 1675 confessarius,

118 1683 155 1717 sed
164 1684 187 1717 de
196 1684 300 1717 honestate
314 1693 361 1717 suae
375 1684 464 1725 actionis,
479 1684 523 1727 quia
536 1684 642 1726 prudenter
653 1684 735 1725 judicat,
748 1683 767 1716 in
781 1693 829 1717 casu
841 1685 906 1727 posito

117 1732 219 1766 honestam
229 1736 248 1765 et
256 1732 327 1765 licitam
337 1741 382 1765 esse
393 1732 541 1772 absolutionem,
552 1732 596 1776 quia
608 1733 709 1775 prudentia
726 1736 763 1773 θεῖ,
776 1733 795 1766 in
812 1734 905 1766 extremis

118 1784 205 1814 extrema
214 1785 297 1821 tentare,
307 1785 327 1813 et
336 1782 408 1823 potius,
419 1781 578 1821 Sacramentum,
597 1782 647 1824 quod
657 1790 691 1823 pro
699 1781 762 1815 salute
771 1782 868 1815 hominum
877 1782 905 1815 in-

118 1829 207 1863 stitutum
217 1833 254 1871 cst,
263 1829 364 1871 nullitatis,
375 1839 431 1872 quam
440 1829 521 1862 animam
531 1829 600 1863 salutis
609 1830 696 1872 periculo
707 1838 811 1873 exponere.

239 1941 243 1944 ⁴
258 1939 330 1994 lledio
343 1940 400 1994 inter
414 1937 512 2011 rigorem
527 1944 548 1995 et
562 1938 679 1995 laxitatem
692 1937 737 1995 tia.

167 2052 185 2106 ἕ.
198 2050 249 2092 206.
262 2050 292 2091 Ne
303 2065 355 2091 vero
368 2054 513 2092 confessarius
530 2060 635 2104 potestate
655 2053 753 2099 divinitus
770 2050 811 2093 sibi
830 2054 905 2094 collata

92 2114 112 2151 in
125 2114 272 2152 detrimentum
284 2115 365 2152 animae
377 2127 427 2153 suae
444 2121 465 2153 et
478 2115 570 2153 fidelium
589 2117 698 2162 abutatur,
717 2116 756 2153 duo
774 2116 905 2165 potissimum

92 2175 112 2212 in
126 2175 164 2213 boc
177 2174 314 2213 absolutionis
326 2188 413 2214 munere
426 2177 517 2214 cavenda
536 2182 593 2223 sunt:
611 2179 680 2214 olenio
689 2176 792 2226 facilites
804 2183 825 2214 et
835 2179 905 2215 ciritio

92 2235 215 2286 difficultas
228 2236 249 2273 in
261 2237 393 2274 remittendis
404 2238 504 2286 peccatis.
519 2237 558 2285 Qui
566 2237 624 2285 justo
636 2239 683 2287 plus
694 2238 778 2275 facilior
790 2238 854 2275 estin
869 2251 904 2276 re·

92 2296 198 2334 mittendis
209 2297 311 2346 peccatis,
324 2297 371 2334 dum
383 2297 484 2345 indipnos
496 2297 606 2335 absolvere
619 2311 658 2335 uon
673 2304 769 2342 veretur,
785 2297 902 2337 darrnmodo

91 2370 116 2395 se
128 2358 202 2396 dolere
218 2362 334 2409 asserent,
348 2364 371 2408 et
388 2358 552 2396 emendationem
567 2380 598 2385 ——
611 2358 664 2408 proh
680 2358 748 2396 dolor!
764 2359 835 2397 debilli
852 2372 904 2399 voce

91 2420 201 2467 prolatam,
212 2420 318 2468 proposito
332 2409 382 2456 adeo
394 2419 493 2469 languido
506 2425 527 2456 θῖ
541 2419 648 2457 inefficaci
659 2420 764 2457 existente
776 2443 806 2448 —
817 2423 903 2470 promit·

91 2484 145 2525 tant,
164 2480 182 2517 is
194 2480 289 2529 profecto
306 2479 403 2529 profanat
416 2479 545 2529 Sanguinem
562 2479 617 2516 Jesu
634 2479 715 2517 Christi
727 2481 812 2531 ejusque
826 2481 904 2519 Sacra-

91 2546 183 2578 mentum
187 2555 194 2585 ;
206 2541 263 2578 fovet
274 2547 408 2591 peccatorem
419 2541 440 2578 in
452 2541 496 2577 suis
507 2540 666 2589 iniquitatibus,
685 2543 774 2579 suffocat
787 2549 807 2579 et
822 2543 903 2592 suppri-

91 2598 129 2636 mit
141 2601 283 2639 conseientiae
295 2613 404 2639 remorsus
411 2616 416 2647 ;
430 2600 591 2639 Sacramentum
602 2601 751 2640 Eucharistiae
763 2602 838 2640 tribuit
854 2615 903 2652 poe-

91 2658 166 2697 nitenti
177 2662 327 2709 profanandum
338 2672 376 2711 p‘er
390 2662 496 2713 indignam
511 2661 647 2708 sumtionem,
664 2662 751 2713 denique
765 2663 836 2712 perire
853 2664 903 2700 sinit

91 2725 231 2766 peccatorem,
250 2729 271 2760 et
282 2723 327 2772 ipse
339 2735 362 2760 se
373 2722 442 2772 perdit
459 2734 497 2772 per
514 2722 643 2773 sacrilegum
655 2722 766 2772 potestatis
785 2735 835 2761 suae
853 2724 903 2760 abu·

93 2789 145 2815 sum.
168 2781 226 2819 „Non
248 2790 318 2828 esset,
339 2784 406 2834 inquit
426 2785 459 2821 vir
482 2783 660 2822 eminentissimus
675 2784 828 2829 Bellarminus,
842 2783 902 2821 hodie

93 2866 260 2878 Ἣ

116 2911 132 2952 1)
143 2909 205 2944 Scrm.
217 2913 235 2947 1,
