2056 3193
108 86 154 127 290

109 208 141 234 me
153 196 204 234 nihil
215 195 304 246 potestis
316 196 402 234 facere'⁷
411 194 436 244 ¹).
457 197 515 237 „Non
534 195 664 234 sufficientes
682 208 753 235 snmus
766 195 862 247 cogitare
880 196 916 234 ali·

110 259 157 309 quid
169 271 181 296 a
191 258 262 304 nobis,
275 258 334 309 quasi
346 270 372 295 ex
383 259 451 305 nobis,
468 260 505 297 sed
516 258 643 297 sufficientia
654 266 728 296 nostra
740 272 766 297 ex
776 260 822 296 Deo
835 257 880 296 est'’
889 256 916 306 ²).

109 322 181 362 „Deus
199 327 245 370 est,
263 320 297 373 qui
314 328 413 373 operatur
430 323 451 361 in
467 322 526 362 vobis
544 328 565 361 et
581 321 634 361 velle
651 326 672 360 et
687 321 791 373 perficere
808 334 846 374 pro
862 321 916 360 bona

107 385 227 424 voluntate’'
238 383 265 433 ³).

180 447 288 485 Adversus
302 447 364 485 aliam
375 447 538 498 praesumtionis
550 446 651 497 speciem,
669 459 708 497 qua
727 447 772 498 quis
791 447 875 486 eonfidit
891 447 915 485 de

106 509 149 547 Dei
159 509 252 547 bonitate
265 515 286 546 et
296 509 453 555 misericordia,
466 510 514 559 quin
526 515 561 547 aut
572 509 721 559 poenitentiam
734 521 799 561 agere
810 509 868 553 velit,
881 515 916 547 aut

107 571 209 609 exercere
229 583 293 620 opera
309 571 373 615 bona,
393 583 417 608 ea
429 583 504 609 sacrae
517 570 641 620 Scripturae
653 570 700 608 loca
711 571 845 620 expendenda
856 576 914 615 sunt,

107 631 181 680 quibus
193 631 312 669 necessitas
324 631 464 679 poenitentiae
477 632 502 669 ad
513 631 659 669 remissionem
670 637 807 680 peecatorum
820 638 841 669 et
851 632 914 669 bono-

105 705 152 729 rum
164 705 249 742 operum
262 692 286 729 ad
298 692 387 730 salutem
398 692 525 730 inculcatur.
546 693 590 729 Ex?
598 705 633 742 g.:
651 691 690 730 „Si
707 691 856 741 poenitentiam
873 704 914 730 non

106 753 206 803 egeritis,
224 753 320 796 similiter
337 750 481 801 per-ibitis’⁷4].
504 753 596 791 ‘nllacite
613 752 696 790 fructus
715 752 789 802 dignos
806 752 913 801 poeniten-

104 813 159 849 tiae⁵⁷
171 811 197 859 5).
216 813 310 859 „Reddet
322 813 404 858 [Deus]
417 812 528 862 unicuique
540 812 653 850 seeundum
666 824 730 860 opera
747 809 840 859 ejus⁴‘⁶].
859 811 914 859 „Qui

106 871 199 913 seminat
213 872 233 907 in
252 883 315 909 earne
328 883 376 916 sua,
394 872 418 908 de
438 884 501 910 carne
520 878 540 908 et
552 877 616 909 metet
628 871 794 920 corruptionem
812 871 846 920 qui
862 883 913 908 vero

106 932 196 970 seminat
206 932 227 969 in
240 932 325 982 spiritu,
338 932 362 969 de
375 931 450 982 spiritu
462 938 526 971 metet
537 932 601 970 vitam
614 929 771 980 aeterna1u“⁷].
789 932 822 969 De
834 930 881 976 hac,
894 937 915 969 et

104 993 140 1032 illa
151 993 314 1045 praesumtionis
326 994 397 1045 specie
409 993 455 1033 vide
468 993 607 1047 Theologiam
619 993 765 1047 dogmaticam.

178 1058 246 1096 Porro
264 1057 304 1104 eis,
322 1057 357 1109 qui
371 1065 460 1109 peccant
475 1057 525 1097 vitio
539 1057 703 1109 praesumtionis
716 1070 751 1103 eo,
769 1056 822 1108 quod
833 1069 881 1096 sese
893 1057 913 1096 in
944 1058 948 1068 ‘

108 1121 232 1159 occasiones
249 1121 356 1171 proximas
375 1127 395 1159 et
409 1133 487 1172 graves
499 1121 625 1159 tentationes
638 1127 711 1171 sponte
722 1120 832 1172 ingerunt,
850 1120 913 1159 confi·

108 1182 190 1227 dentes,
209 1183 262 1231 quod
273 1182 294 1219 in
305 1183 347 1219 illis
359 1194 399 1220 non
411 1183 515 1227 labentur,
534 1183 645 1220 ostendere
663 1188 746 1231 oportet
763 1195 789 1220 ex
801 1182 914 1231 Scriptura

106 1255 178 1288 sacra,
197 1249 217 1279 et
229 1243 308 1280 sanetis
320 1243 430 1287 Patribus,
443 1243 560 1291 hujusmodi
572 1243 717 1281 confidentiam
728 1243 810 1291 plenam
823 1255 870 1280 esse
882 1250 913 1280 te·

104 1304 212 1348 maritate,
231 1303 354 1353 etquidem,
372 1310 485 1341 attestante
499 1304 580 1354 Spiritu
593 1303 672 1342 Sancto
682 1300 715 1351 Β);
734 1303 788 1352 „Qui
808 1309 863 1341 amat
877 1315 913 1353 pe·

105 1365 204 1408 riculum,
217 1364 237 1402 in
249 1365 284 1402 illo
297 1364 395 1414 peribit.“
413 1365 477 1414 quue
489 1366 534 1403 sive
547 1365 672 1403 confidentia
683 1364 719 1402 illa
731 1365 809 1402 nitatur
821 1364 912 1413 propriis

102 1425 190 1469 viribus,
209 1426 256 1474 quia
267 1425 306 1462 liae
318 1425 380 1462 nimis
392 1425 487 1463 infirmae
500 1433 548 1463 sunt
560 1432 580 1463 et
591 1426 718 1470 imbecilles;
736 1425 781 1462 sive
794 1425 870 1462 auxilio
884 1425 912 1463 di-

101 1485 149 1522 vino
162 1491 258 1534 sperato,
276 1486 324 1534 quia
335 1486 394 1522 Deus
409 1485 465 1523 istud
480 1487 534 1523 ultro
551 1499 574 1523 se
585 1486 606 1522 in
618 1498 697 1536 graves
709 1486 836 1522 tentationes
849 1485 913 1533 conji-

103 1545 206 1582 cientibus
218 1545 290 1582 nullibi
302 1546 409 1593 promisit,
427 1546 527 1596 quinimo
540 1547 593 1584 tales
605 1546 666 1593 plane
684 1552 799 1590 merentur,
817 1544 840 1582 ut
855 1545 912 1582 auxi-

102 1605 152 1642 limu
164 1605 255 1642 divinum
267 1605 293 1641 iis
306 1605 456 1643 subtrahatur:
474 1605 529 1644 sicut
540 1606 601 1643 miles
614 1605 689 1656 dignus
702 1611 747 1650 est,
765 1617 804 1642 non
819 1604 914 1653 adjuvari

104 1666 196 1711 aDnoe,
209 1666 256 1703 dum
268 1666 364 1717 neglecto
378 1666 436 1704 ducis
448 1667 580 1716 praescripto
592 1666 613 1704 in
625 1666 714 1704 medium
725 1666 815 1704 hostium
828 1678 851 1703 se
864 1678 912 1703 eon-

98 1727 153 1777 jicit.
167 1728 292 1767 —Pariter
308 1728 341 1780 qui
357 1729 450 1780 exemplo
465 1729 514 1768 boni
528 1728 617 1767 latronis
632 1727 713 1768 salvati
728 1727 802 1768 conlisi
817 1727 912 1768 ernenda-

101 1791 178 1830 tiouem
191 1792 216 1830 ad
226 1793 283 1831 vitae
295 1792 357 1831 finem
368 1792 489 1838 remittunt,
505 1793 572 1832 verba
582 1792 683 1832 Doctoris
695 1792 790 1831 melliflui
804 1792 875 1831 sedulo
892 1797 913 1831 et

102 1854 159 1892 serio
177 1854 295 1904 ponderare
310 1855 423 1903 jubentur:
440 1857 477 1903 „In
495 1862 538 1894 toto
558 1868 637 1895 canone
656 1855 816 1905 Seripturarum
834 1855 913 1893 nullum

103 1915 164 1953 alium
175 1922 261 1966 praeter
273 1915 327 1954 huno
339 1917 443 1955 latronem
454 1917 549 1955 iuvenies
562 1917 593 1955 sic
606 1918 732 1955 salvatun1.“
749 1916 807 1954 Unus
820 1922 852 1954 est
867 1915 912 1955 sul·

100 1980 176 2022 vareis,
188 1989 213 2014 ne
226 1977 336 2027 desperes,
349 1984 499 2024 renarrantem,
515 1991 541 2015 ne
552 1990 677 2027 praesumas
687 1976 714 2024 ⁹).
733 1978 770 2024 „ln
781 1977 871 2021 infirmo,
884 1977 913 2015 ait

104 2036 126 2074 S.
139 2038 257 2087 Augustus,
269 2037 353 2074 infirma
364 2045 397 2075 est
407 2038 543 2086 poenitentia,
556 2038 604 2075 etin
616 2038 738 2075 moribundo
751 2038 820 2082 timeo,
829 2050 854 2075 ue
865 2037 912 2086 ipsa

100 2096 203 2134 moriatur
216 2126 220 2134 .
234 2127 238 2135 .
251 2127 255 2134 .
269 2126 273 2134 .
288 2096 327 2145 Qui
338 2098 358 2134 in
370 2104 458 2146 peceato
471 2099 524 2135 mori
536 2109 576 2135 non
588 2098 643 2142 vult,
660 2098 681 2134 in
692 2104 779 2147 peccat-o
792 2110 832 2135 non
843 2098 911 2143 vivat,

100 2157 135 2206 qui
147 2157 232 2194 enimin
244 2165 331 2207 peccato
344 2158 406 2203 vluit,
424 2157 558 2207 saepissime,
571 2164 680 2208 antequam
691 2157 841 2208 poenitentiam
854 2164 911 2208 agat,

96 2215 154 2263 justo
166 2217 207 2255 Dei
222 2218 300 2266 judicio
319 2218 340 2255 iu
358 2224 445 2268 peccato
464 2219 560 2263 moritur,
577 2224 600 2256 ut
616 2230 673 2256 mors
686 2219 714 2256 sit
724 2218 780 2256 vitae
793 2213 911 2256 sceleratae

101 2287 252 2325 consentanea3
270 2279 333 2317 vivite
352 2279 415 2324 bene,
433 2291 458 2317 ne
476 2279 595 2317 moriamini
611 2280 680 2317 male“
693 2278 727 2326 ¹⁰).
748 2279 864 2317 Praeclara
877 2279 911 2316 ad·

101 2339 183 2377 modum
195 2340 215 2378 iu
229 2353 313 2380 causam
324 2346 458 2391 praesentem
471 2341 534 2380 etiam
547 2340 604 2379 Com.
614 2340 638 2380 de
651 2340 752 2392 Stolberg
763 2341 860 2391 inopere
873 2352 910 2379 suo

100 2401 210 2453 praefatur
222 2401 258 2453 ¹¹).

97 2493 276 2502 ¹-—---.------..

124 2539 139 2578 1)
150 2539 205 2572 Joan.
214 2539 256 2573 XV.
267 2541 285 2573 5.
295 2557 319 2563 -
328 2541 344 2580 2)
353 2541 377 2574 ΙΙ.
388 2541 434 2574 Gor.
444 2541 477 2574 Ill.
486 2542 503 2575 5.
513 2560 538 2565 -
546 2542 562 2582 ³)
572 2538 621 2575 Phil.
630 2540 654 2575 ΙΙ,
667 2542 695 2576 13.
706 2540 745 2584 Gfr.
753 2543 823 2577 Araus.
832 2540 856 2576 II.
867 2548 909 2587 cap.

149 2590 166 2620 ὓ.
177 2593 197 2622 et
206 2590 257 2623 Trid.
268 2589 382 2623 Concilium.
392 2609 417 2615 —
425 2593 441 2631 4)
451 2591 498 2623 Luc.
508 2592 559 2624 Xlll.
570 2594 588 2625 5.
597 2610 622 2615 -
630 2590 644 2636 ⁵]
654 2593 701 2626 Luc.
711 2594 743 2625 lll.
754 2594 772 2626 8.
781 2611 805 2616 —
814 2595 830 2634 θ)
840 2594 910 2626 Mattb.

149 2637 236 2670 XVL27.
246 2657 270 2662 -
278 2641 294 2679 ⁷)
307 2639 351 2671 Gal.
361 2638 394 2671 VI.
404 2640 422 2670 8.
430 2657 454 2662 -
463 2642 478 2679 Β)
488 2640 548 2673 Ecoll.
557 2641 590 2673 lll.
600 2643 617 2673 7.
627 2660 651 2665 -
660 2644 675 2681 ⁹)
687 2641 727 2674 Cir.
735 2641 812 2674 Librum
822 2642 845 2675 de
855 2645 910 2675 recto

149 2685 232 2719 clavium
242 2696 286 2727 usu,
296 2688 379 2720 authore
388 2688 463 2720 Joanne
472 2688 538 2730 Episc.
547 2688 673 2722 Castoriensi.
682 2690 751 2722 Venet.
763 2692 816 2722 1771.
826 2700 844 2732 p.
854 2691 911 2722 27.-

148 2734 171 2774 10)
186 2735 249 2767 Ser-m.
260 2735 365 2777 descript.
376 2736 422 2769 item
433 2735 455 2768 de
465 2736 530 2768 Verbo
539 2737 652 2769 Domini.—
666 2735 687 2780 ¹¹)
695 2737 909 2780 Religionsgesohiohte

147 2782 170 2816 V.
186 2783 221 2816 Tb.
235 2792 254 2825 p.
268 2783 303 2816 ll&
317 2802 339 2807 —-
353 2784 396 2817 '452-
