2056 3193
122 97 167 141 312

122 225 205 250 sensum
218 225 254 261 pro
271 213 323 250 dono
335 210 490 255 conversionis,
508 216 529 247 et
546 222 619 247 verum
639 210 785 261 sincerumque
804 209 929 248 desiderium

120 273 270 323 perseverandi
281 274 301 310 in
313 272 354 310 Dei
366 272 443 324 gratia.
455 293 485 299 —
496 270 616 320 Explicabit
627 282 714 320 quoque,
733 279 753 310 ct
765 274 806 310 alte
818 271 847 310 illi
858 271 929 321 impri-

122 341 163 371 met
174 335 239 372 rcrba
252 334 381 371 Salvator-is:
396 335 465 372 „Ecce
478 344 541 387 sarius
554 332 622 369 factus
635 344 668 375 es,
682 330 726 378 jam
738 334 780 371 noli
791 345 891 383 peccare,
903 344 929 369 ne

122 395 215 432 deterius
227 395 264 432 tibi
276 395 351 445 aliquid
364 394 484 446 contingat”
493 392 518 441 ¹).
530 393 569 431 His
582 392 628 430 addi
638 399 726 441 possunt
738 405 804 441 pauca
816 396 840 433 de
853 394 929 432 Sacra·

123 463 189 493 meato
202 455 359 499 Eucharistiae,
377 454 451 504 uiribus
466 454 542 492 fiducia
554 460 575 491 ct
587 465 644 490 amor
656 453 675 490 in
688 453 762 490 Jesum
775 454 891 500 Christum,
909 460 930 491 et

85 543 87 545 -
122 517 247 554 desiderium
261 516 407 554 a1·denslllum
420 515 547 564 suscipiendi
559 514 683 551 excitentur.

459 865 546 928 Sestio
569 865 601 927 ll.

151 1003 187 1041 De
206 1005 322 1054 principiis
344 1002 479 1052 specialibus
501 1004 523 1039 in
545 1001 737 1040 administratione
759 999 900 1040 Sacrameoii

363 1062 520 1102 Poeaiiieatiae
537 1062 687 1101 observandis.

449 1181 598 1250 (lampecius.

196 1306 213 1358 ξ.
227 1304 278 1345 212.
296 1308 343 1344 Etsi
359 1306 503 1345 confessarius
520 1319 545 1344 cx
560 1306 661 1344 hactonus
674 1306 735 1343 uictis
748 1306 888 1345 sufficientem
900 1308 930 1344 in-

120 1368 257 1405 structionem
274 1368 352 1404 lrabcrc
369 1369 434 1415 possit
451 1368 474 1405 acl
487 1367 631 1405 confessiones
644 1379 680 1404 scio
694 1373 715 1403 et
726 1368 875 1415 poenitentium
888 1369 930 1405 fru-

121 1435 154 1467 ctu
175 1434 194 1464 ct
213 1428 287 1465 solatio
300 1428 423 1473 arrrcliemlas,
441 1428 573 1466 nihilominus
592 1434 660 1465 tamen
679 1431 756 1475 operae
774 1428 862 1477 pretium
882 1440 930 1466 esse

117 1490 236 1537 jurlicaums
251 1489 270 1524 in
290 1501 349 1525 usum
364 1489 471 1535 juuiorum
490 1489 680 1533 confessariorum,
697 1487 799 1525 theoriam
818 1489 930 1537 specialem

122 1550 259 1593 sulmectere,
278 1561 340 1598 iprae,
358 1549 472 1598 suppositis
483 1548 593 1599 principiis
606 1548 754 1600 generalibus,
772 1549 876 1598 speciales
895 1562 930 1586 ex-

121 1611 178 1647 bibet
191 1611 277 1661 regulas
290 1610 314 1647 ad
326 1611 461 1659 peculiarium
474 1610 623 1659 poenitentium
637 1610 781 1647 confessiones
789 1610 929 1660 excipiendas.

196 1670 252 1719 Quorl
266 1670 358 1708 ordinem
373 1672 473 1709 maneriae
486 1671 647 1720 pertractandae
660 1671 745 1714 attinet,
760 1671 867 1720 sequimur
880 1671 930 1709 divi-

122 1733 201 1769 sionem
220 1732 351 1769 iliversorum
369 1732 517 1781 pererrantium
535 1732 616 1770 ratione
633 1731 703 1769 habita
723 1732 835 1769 eorundem
856 1735 930 1770 stritus

120 1796 213 1841 interni,
233 1799 253 1829 et
265 1795 363 1837 calama,
382 1806 419 1831 uec
432 1805 470 1831 non
483 1792 612 1843 specialium
624 1792 771 1831 relationum:
789 1792 836 1831 hinc

196 1854 262 1902 Caput
278 1855 292 1890 l.
312 1853 335 1890 dc
348 1854 456 1903 principiis
468 1854 595 1902 specialibus
607 1854 689 1890 ratione
701 1853 771 1891 habita
782 1854 931 1902 poenitentium

121 1921 189 1952 status
204 1914 291 1959 interni,
309 1914 407 1952 videlicet
420 1928 456 1964 pro
468 1914 528 1952 varia
539 1905 607 1952 indole
619 1916 710 1963 atteritis,
728 1913 849 1951 colisatatis
861 1921 882 1952 et
894 1926 930 1965 pc-

122 1975 241 2013 ealiariam
254 1977 321 2012 (artant
333 1976 478 2025 affectionum.
858 2011 862 2024 ,Α

196 2036 263 2086 Caput
274 2036 299 2072 ll.
312 2036 336 2073 (lc
349 2037 457 2086 principiis
470 2035 596 2086 specialibus
608 2037 690 2074 ratione
701 2035 771 2074 liabita
782 2037 931 2086 poenitentium

121 2106 189 2136 status
202 2097 297 2141 externi,
314 2103 373 2146 pinta,
392 2100 483 2147 (aetatis,
496 2109 577 2147 seciae,
590 2098 803 2148 attaminatione,
823 2098 932 2136 botrorum

120 2161 239 2210 partesue,
257 2162 359 2209 corporis
371 2159 503 2198 ordeiadiais
515 2166 554 2198 etc.

197 2222 262 2271 Caput
281 2222 315 2258 ill.
336 2222 360 2259 ac
372 2222 482 2272 principiis
495 2221 620 2272 specialibus
633 2222 714 2259 ratione
726 2222 797 2260 habita
809 2222 930 2272 specialium

122 2285 245 2321 relationum
259 2289 300 2321 tum
313 2283 461 2333 pocuitcutium
475 2290 516 2321 turn
530 2290 669 2333 pcccatorum.

148 2516 163 2549 ¹)
173 2514 240 2546 loanu.
254 2515 277 2547 V.
294 2515 321 2547 ll.
