2017 3193
863 98 906 140 331

104 218 156 261 tuis,
174 211 252 257 sensis,
270 212 379 251 affectibus
391 213 564 263 passionibusque
572 228 578 258 ς
596 212 645 250 nihil
657 211 718 262 parvi
730 211 774 256 lac,
792 210 827 248 ubi
840 210 911 262 agitur

104 279 129 316 de
143 276 210 313 salute
226 278 267 310 tua.
287 272 325 322 Qui
339 274 418 312 minora
429 274 548 322 vilipendit,
565 274 585 310 in
598 272 677 320 majora
689 272 756 311 cadet.
775 270 815 320 Qui
830 272 912 320 spernit

105 336 194 377 modica,
211 334 308 382 paulatim
324 335 411 373 decidet.
425 334 488 370 —ln
501 334 595 370 omnihus
611 345 759 383 usquequaque
771 333 837 370 Jesus
851 331 911 369 enri-

104 403 149 433 stus
164 394 192 430 sit
206 394 308 444 magister
325 402 383 437 tuus,
402 404 461 442 quem
476 392 573 429 intuendo
589 392 721 440 temetipsum
739 393 851 442 interroga
865 404 910 429 sae·

103 455 155 502 pius.
174 452 226 499 Quid
237 453 302 490 Jesns
315 454 413 490 Christus
424 452 444 487 in
457 451 496 488 hoe
509 462 559 487 casu
572 451 687 499 cogitaret,
704 452 801 499 loquutus
817 457 876 488 esset
892 457 912 488 et

104 518 210 562 operatus.
228 534 257 539 -
271 513 379 550 Adsuesce
397 512 417 547 in
437 510 541 551 omnibus,
559 520 611 557 quae
628 509 717 552 videris,
734 511 783 546 boni
801 511 911 559 quidquam

104 572 206 624 cogitare.
219 596 248 601 -
259 575 311 612 Esto
324 572 390 616 mitis,
402 569 466 615 lenis,
480 569 570 607 demisso
584 568 664 605 animo:
682 574 728 606 tace
741 574 761 605 et
773 575 845 619 patere
857 570 911 608 Jesu

103 634 178 675 instar.
191 634 324 681 Graviorem,
343 633 377 672 cui
388 630 502 681 portandae
514 630 581 680 impar
593 641 663 674 esses,
683 641 767 668 crucem
780 631 861 668 minime
873 632 911 670 im·

104 706 166 749 ponet
185 698 227 737 tibi.
246 697 385 750 Crucigernm
405 700 426 732 te
445 692 550 742 adjuvabit
569 698 633 732 certo.
646 691 749 745 -nligo
768 705 841 744 saepe,
859 694 911 744 quod

104 761 141 799 tibi
152 761 215 813 gravi
227 767 259 799 est
271 759 340 803 oneri,
358 764 378 795 et
391 756 457 794 amori
469 756 501 794 tui
512 757 636 794 reluctatur.
653 776 683 783 -
698 754 759 793 Sinni
771 755 838 794 divino
850 756 880 793 ita
891 762 912 794 te

103 822 192 867 inferas,
210 822 264 861 sicut
276 820 345 858 infans
358 817 431 856 matris
444 817 499 855 sinui
511 829 533 855 se
545 817 616 855 infert.
635 816 857 867 Qnoddemnmcnnque
865 817 911 866 jus-

104 883 156 921 serit
168 890 189 921 te
200 885 269 926 Deus,
288 881 343 918 illico
355 885 403 928 pete
415 878 517 928 gratiam,
530 878 666 917 sanctissima
673 877 734 926 jussa
747 878 791 926 ejus
804 892 863 929 qnam
876 892 910 916 ex·

104 1011 170 1042 mater
182 1002 284 1041 foecunda
296 1002 404 1038 malorum.
416 1022 445 1026 -
457 1001 540 1038 Labora
553 1001 577 1038 ad
589 1000 678 1044 modum,
691 1011 729 1048 quo
741 999 806 1037 Jesus
818 1000 839 1036 in
853 1001 911 1037 domo

102 1063 191 1112 Josephi
202 1061 283 1099 nutritii
295 1061 328 1098 sui
339 1061 474 1098 laboraverit.
494 1083 523 1088 —-
541 1060 651 1110 Recollige
668 1066 688 1097 te
706 1060 810 1097 interdum
822 1060 875 1097 Jcsn
888 1061 912 1097 ad

103 1123 229 1171 exemplum,
242 1120 276 1170 qui
288 1133 299 1157 a
311 1120 397 1169 reliquis
409 1120 525 1159 bominibus
538 1133 560 1158 se
573 1120 706 1158 subducendo
719 1121 744 1157 ad
755 1121 840 1157 Patrem
852 1133 912 1158 suum

104 1187 247 1219 1111111111.-
259 1181 363 1229 Tempore
376 1180 480 1217 ariditatis
492 1182 569 1218 nullum
580 1180 666 1234 pietatis
679 1181 804 1217 exercitium
816 1186 911 1229 praeter-

104 1241 172 1284 mitte;
190 1240 227 1276 tali
242 1240 262 1275 in
275 1251 325 1277 casu
337 1239 402 1276 Jesus
417 1246 450 1276 ter
465 1241 543 1284 oravit,
561 1252 622 1289 quum
635 1246 692 1276 esset
705 1240 773 1276 anima
785 1239 829 1285 ejus
842 1240 912 1277 tristis
961 1244 963 1246 ’

104 1300 127 1338 ad
139 1305 227 1337 mortem
239 1311 310 1350 usque.
330 1299 403 1337 Omnia
416 1312 455 1350 age
467 1299 487 1338 111
500 1300 581 1338 nomine
593 1299 656 1344 Jesn,
674 1305 695 1336 et
711 1299 741 1337 sic
754 1299 840 1350 quilibet
851 1299 911 1337 labor

104 1353 173 1400 ciaon
184 1361 305 1413 religiosus.
324 1382 353 1387 -
371 1362 393 1397 ln
405 1361 496 1399 vultibus
509 1369 530 1400 et
542 1360 637 1413 gestibus
651 1360 780 1411 motibusque
793 1361 834 1398 tuis
847 1361 910 1398 mani·

103 1424 170 1471 festa,
188 1424 247 1474 cujus
259 1423 358 1464 famulatu
371 1424 463 1476 gaudes:
481 1425 543 1478 longe
555 1430 624 1464 tamen
641 1436 652 1463 a
667 1429 686 1462 te
703 1423 768 1470 absit,
786 1429 808 1462 ut
824 1423 911 1463 aliorum

101 1489 174 1527 oculos
187 1488 210 1526 ad
223 1493 243 1526 te
255 1500 339 1526 moveas
358 1509 386 1514 -
403 1488 454 1526 Plus
473 1487 533 1533 audi,
551 1500 610 1538 qnam
628 1488 725 1537 loquere:
742 1487 763 1524 111
782 1487 910 1538 multiloquio

103 1539 442 1599 nondeeritpeccatu111.Expete
455 1550 492 1587 tibi
505 1563 516 1587 a
527 1551 573 1587 Deo
586 1549 676 1599 gratiam
689 1556 782 1597 tempore
795 1555 911 1598 opportuno

103 1616 123 1647 et
135 1609 217 1648 tacendi
229 1616 250 1647 et
261 1610 368 1659 loquendi,
385 1622 424 1648 nec
441 1623 481 1659 non
494 1610 609 1649 custodiam
621 1622 674 1659 pone
686 1610 718 1646 ori
736 1616 780 1655 tuo,
799 1621 823 1647 ne
840 1610 913 1661 lingna

105 1676 138 1707 tua
155 1669 244 1714 labaris,
263 1676 283 1707 et
294 1671 340 1719 sepi
353 1683 415 1708 aures
428 1677 474 1708 tuas
487 1671 563 1720 spinis,
581 1683 606 1708 ne
624 1670 671 1720 quid
689 1670 783 1714 audiant,
802 1671 852 1720 quod
870 1671 913 1719 Ipsi

103 1730 215 1779 displicere
229 1737 296 1779 queat.
308 1753 338 1757 —
349 1731 396 1768 n'oti
409 1744 457 1769 esse
470 1731 566 1770 curiosus
578 1743 649 1769 rerum
665 1743 775 1776 novarum,
794 1731 912 1769 distrahunt

104 1790 206 1835 animnm3
224 1790 306 1827 dissere
318 1792 407 1828 libenter
420 1792 443 1829 de
456 1793 520 1829 rebus
535 1792 601 1829 bonis
613 1814 644 1819 -—
655 1795 713 1842 Fuge
724 1793 757 1828 vel
771 1793 864 1828 umbram
877 1805 911 1840 pe·

103 1850 166 1887 riculi
182 1850 293 1897 peccandi;
318 1851 404 1888 amando
424 1852 537 1899 periculum
556 1852 576 1889 in
595 1852 667 1889 eodem
685 1852 775 1900 peribis:
798 1852 843 1888 sola
860 1852 912 1902 luga

105 1920 168 1957 saepe
185 1909 276 1947 uictoria
294 1917 422 1959 reportatur,
435 1933 464 1938 -
484 1911 602 1959 Quamlibet
620 1911 780 1962 cogitationem,
799 1923 810 1948 a
827 1912 873 1948 Deo
892 1918 912 1948 te

104 1976 247 2019 separantem,
266 1970 333 2008 animo
353 1977 428 2009 excute
447 1984 507 2021 quam
526 1972 628 2011 citissime
645 1972 715 2016 vales,
734 1971 789 2009 sicut
803 1972 837 2009 vel
851 1983 912 2010 unam

105 2030 217 2069 scintillam
236 2038 296 2070 veste
315 2032 403 2070 excutis.
416 2055 445 2060 —
458 2031 523 2081 Quam
542 2033 666 2083 saepissime
684 2034 751 2071 Deum
769 2045 844 2078 exora,
861 2038 883 2070 nt
902 2045 914 2070 a

105 2093 255 2133 tentationibus
274 2102 294 2133 te
312 2095 398 2141 liberet3
416 2091 503 2147 quodsi
518 2096 556 2135 tibi
571 2095 708 2148 supervenire
724 2094 853 2146 permiserit,
871 2094 912 2133 noli

105 2156 196 2202 turbari:
214 2157 248 2207 qni
264 2164 371 2196 certamen
387 2159 460 2205 mittit,
478 2159 534 2198 addit
549 2171 629 2211 quoque
644 2160 701 2198 vires
718 2159 743 2212 ad
753 2158 870 2197 victoriam.
883 2180 912 2185 —

104 2220 156 2256 Esto
176 2219 242 2257 animo
262 2220 383 2269 tranquillo,
396 2221 435 2258 fide
447 2222 503 2267 Deo:
521 2222 539 2259 si
556 2222 615 2259 Deus
631 2234 669 2270 pro
684 2228 715 2265 te,
733 2220 778 2270 quis
791 2226 865 2258 contra
877 2223 912 2258 te?

104 2279 208 2331 Efflagita
220 2293 231 2317 a
242 2282 298 2325 Deo;
311 2287 333 2318 ut
345 2281 426 2319 auferat
438 2282 475 2320 tibi
488 2282 585 2331 quidquid
597 2282 658 2320 animi
670 2282 700 2320 tni
712 2293 802 2318 amorem
815 2282 856 2319 sibi
867 2281 913 2319 vin·

104 2340 175 2377 dicare
188 2347 282 2385 conatur,
299 2341 349 2379 licet
357 2341 442 2389 jactura
453 2343 505 2380 haec
518 2342 555 2380 tibi
566 2343 594 2379 sit
606 2337 749 2380 acerbissima.
767 2342 793 2379 ni
805 2342 845 2379 soli
856 2343 913 2380 vive-

105 2412 128 2436 re
140 2406 160 2437 et
173 2400 226 2437 mori
237 2406 334 2449 totusque
347 2412 394 2438 esse
413 2402 457 2449 ejus
469 2402 571 2440 desidera.
589 2424 619 2429 —-
638 2403 662 2440 Si
673 2401 737 2439 habes
750 2402 818 2440 cibum
831 2409 852 2440 et
864 2403 913 2440 ami-

105 2465 167 2503 ctum,
181 2466 226 2497 esto
240 2463 456 2510 eontentuspanperis
468 2462 521 2499 Ι11111
532 2463 606 2499 instar.
615 2483 644 2488 —-
656 2463 728 2512 Neque
740 2462 872 2511 rixaneque
883 2463 914 2499 ni-

105 2519 143 2555 mis
156 2526 175 2556 tc
184 2520 286 2567 justifica,
299 2527 334 2559 ant
347 2533 425 2559 excusa
430 2536 436 2567 ;
453 2522 503 2559 nibil
515 2523 611 2572 loquatur
624 2534 647 2559 os
659 2529 717 2560 tuum
736 2529 809 2560 contra
826 2535 913 2572 praepo-

105 2578 164 2623 sitos,
183 2587 218 2617 aut
230 2582 336 2630 proximos
348 2582 393 2619 sine
405 2583 534 2622 necessitate
547 2589 581 2621 aut
597 2582 732 2634 obligatione.
750 2584 802 2621 Esto
817 2583 914 2622 sincerus

106 2643 126 2673 et
143 2638 232 2688 simplex
251 2642 325 2688 corde:
342 2642 433 2682 libenter
452 2644 499 2682 audi
514 2644 632 2689 doctrinas,
648 2644 773 2689 hortamina,
786 2650 806 2681 et
818 2644 915 2694 objurgia

106 2696 200 2739 aliorum.
219 2724 249 2730 κ
268 2704 314 2743 noli
330 2717 378 2745 esse
393 2706 502 2754 inimicus,
518 2705 613 2753 invidus,
637 2718 727 2745 severus
741 2705 761 2744 in
777 2705 878 2758 loquendo
893 2710 914 2743 et

107 2761 195 2811 agendo,
213 2784 242 2793 ——-
259 2765 362 2819 Quidquid
373 2769 411 2808 tibi
423 2782 462 2809 non
473 2770 506 2808 nis
518 2770 566 2809 fieri
584 2770 647 2809 alteri
666 2776 686 2809 et
701 2776 723 2808 tn
738 2782 764 2808 111
782 2768 870 2814 feceris,
893 2773 914 2806 et

106 2821 201 2872 quidquid
220 2826 257 2864 tibi
272 2829 304 2866 bis
322 2831 368 2868 fieri
381 2831 405 2870 ab
418 2832 476 2877 altis,
489 2838 509 2871 et
521 2839 543 2870 tn
555 2832 633 2882 primns
646 2832 724 2870 feceris
733 2832 817 2870 11111-
830 2829 913 2881 Cogita,

106 2883 158 2933 qnod
173 2884 239 2924 Jesus
251 2888 274 2926 111
291 2892 358 2930 medio
378 2906 449 2933 eorum
462 2894 496 2940 sit,
509 2893 631 2944 quibuscum
644 2892 785 2934 conversaris.
798 2892 914 2931 Sermones
