2017 3193
859 138 904 182 223

94 273 132 310 pro
144 259 215 298 mille?
233 258 304 307 Itaque
317 258 341 296 ad
353 260 417 296 solam
430 257 594 296 misericordiam
606 265 674 296 restat
685 255 799 308 refugium.
822 251 848 301 2)
862 255 903 292 Sed

95 322 185 365 frustra,
211 319 230 356 si
248 331 286 356 nos
305 320 405 369 proximis
431 330 470 355 non
490 319 628 356 condonemus
646 320 748 363 offensas,
768 329 819 367 quae
835 323 903 353 tamen

95 383 192 433 exiguae,
205 380 222 417 si
235 381 369 420 conferantur
378 393 423 419 cum
433 377 515 423 debitis,
528 379 601 428 quibus
611 391 649 416 nos
657 380 702 416 Deo
714 386 817 424 tenemur,
829 389 903 426 nempe

94 445 166 482 decem
178 441 268 481 millibus
280 443 411 481 talentorum.
423 442 451 478 Et
462 438 601 483 nihilominus,
615 451 665 489 quae
677 440 806 478 Deibonitas
815 446 854 485 est,
866 451 902 489 pa·

94 511 152 543 ratus
161 511 201 549 est,
214 504 317 543 dimittere
325 506 397 551 decem
404 502 478 546 millia;
492 501 555 538 sinos
564 501 619 538 mille
628 500 755 538 dimittimus.
768 498 793 549 3]
803 502 845 540 Sed
854 502 902 540 vide

94 572 115 603 et
127 578 184 613 cave.
205 561 311 612 Dimittat,
324 567 379 603 sicut
391 563 489 608 dimittisg
508 568 529 599 et
539 562 593 600 hanc
606 561 743 600 conditionem
756 569 779 599 etv
788 564 900 601 clausulam

94 627 179 674 apponis
191 627 280 664 orationi
292 634 346 664 tuae.
361 625 385 662 si
397 636 473 674 aegre,
486 622 558 667 tarde,
570 623 637 659 minus
650 623 733 659 sincere
746 629 766 659 et
777 623 899 671 imperfecte

94 685 191 729 dimittis,
209 685 262 723 idem
281 687 329 722 time
349 691 369 720 et
387 689 487 730 exspecta
499 683 575 718 aDeo,
599 683 686 719 Omnino
700 688 773 718 contra
785 694 808 718 se
820 684 900 729 profert

63 748 65 751 ’
94 746 227 789 sententiam,
245 745 279 795 qui
290 749 353 793 rogat
365 742 405 778 sibi
417 742 491 778 dimitti
503 742 584 785 debita,
602 753 641 777 non
655 741 760 777 dimittens
774 741 901 778 debitoribus

94 805 150 850 suis,
168 805 228 855 idque
241 818 266 843 ex
282 804 356 842 animo.
381 801 419 842 „si
436 802 556 851 iniquitates
575 801 727 839 observaveris
736 801 839 846 Domine,
857 802 902 851 quis

93 867 204 906 sustinebit
212 866 234 904 ?''

197 991 243 1042 VI.
267 990 302 1040 Et
321 1007 353 1039 ne
373 1006 421 1038 nos
441 988 549 1039 inducas
569 987 596 1038 in
616 988 795 1038 tentationem.

166 1094 211 1130 Non
226 1091 326 1141 petimus,
346 1097 367 1128 ut
379 1102 418 1128 non
431 1096 542 1136 tentemur,
562 1090 609 1140 quia
625 1090 646 1127 id
664 1102 726 1140 saepe
742 1090 837 1140 expedit,
857 1097 900 1128 eta

92 1156 137 1193 Deo
156 1154 262 1203 sapienter
280 1151 422 1201 permittitur,
446 1151 482 1189 sed
500 1163 526 1189 ne
545 1151 655 1189 tentationi
673 1153 846 1197 succumbamus,
868 1159 903 1190 aut

93 1216 163 1261 etiam,
175 1227 201 1252 ne
213 1214 291 1252 tentari
302 1214 364 1259 sinat,
376 1213 455 1263 quando
467 1213 576 1262 praevidet
587 1225 625 1250 nos
637 1213 791 1251 succubitnros.
804 1214 901 1251 Tentatio

93 1289 155 1327 saepe
174 1282 206 1314 est
222 1275 305 1313 occasio
324 1282 344 1313 et
355 1274 444 1313 materia
456 1275 587 1313 exercendae
598 1274 694 1320 virtutis,
712 1275 748 1312 sed
760 1275 801 1313 Dei
813 1281 856 1320 est,
873 1275 903 1312 ita

92 1337 198 1375 moderari
209 1337 354 1381 tentationem,
371 1343 392 1373 et
404 1336 501 1385 opitulari
511 1336 650 1373 imbecillitati
661 1342 757 1381 nostrae,
769 1343 843 1373 utnon
856 1343 901 1374 ten-

93 1404 160 1435 temur
172 1409 235 1446 supra
246 1397 276 1441 id,
296 1397 348 1446 quod
359 1409 481 1445 possumus,
501 1397 538 1433 sed
549 1396 618 1433 illaesi
630 1396 748 1433 evadamus.
773 1397 901 1435 „Probame

91 1457 191 1502 Domine,
210 1463 230 1495 et
241 1463 298 1494 tenta
309 1469 353 1501 me,
371 1468 408 1494 ure
420 1468 483 1493 renes
495 1468 553 1493 meos
566 1463 586 1493 et
598 1468 634 1494 cor
646 1469 721 1501 meum,
740 1463 760 1493 et
771 1457 825 1501 vide,
838 1457 857 1494 si
869 1458 901 1494 via

92 1518 207 1567 iniquitatis
218 1518 239 1554 in
251 1529 284 1554 me
296 1517 349 1554 est.’'

279 1634 337 1683 VH.
357 1632 410 1683 Sed
429 1633 513 1682 libera
532 1651 580 1683 nos
602 1652 617 1682 a
635 1630 713 1683 malo.

165 1735 195 1775 Ab
214 1734 268 1774 omni
286 1746 365 1788 genere
384 1735 498 1781 malorum;
521 1735 577 1772 sicut
598 1741 645 1772 orat
662 1735 760 1772 Ecclesia
782 1736 802 1772 in
820 1735 900 1773 Missa:

91 1799 169 1839 Libera
180 1812 225 1845 nos,
238 1811 362 1851 quaesumus
374 1798 472 1837 Domine!
485 1798 509 1837 ab
522 1798 616 1838 onmibus
628 1798 687 1837 malis
700 1798 828 1850 praeteritis,
841 1812 901 1850 prae·

92 1864 186 1902 sentibus
199 1870 219 1901 et
231 1863 318 1909 futuris,
331 1875 403 1913 nempe
416 1862 508 1900 aeternis
521 1869 542 1900 et
554 1863 713 1913 temporalibus,
727 1864 807 1901 animae
820 1870 841 1901 et
854 1876 899 1902 cor·

91 1926 154 1976 poris.
174 1948 203 1953 -
217 1926 322 1963 Deindea
339 1925 402 1970 malo,
421 1924 440 1962 h.
454 1938 471 1962 e.
484 1925 575 1976 maligno
588 1925 659 1971 hoste,
678 1938 703 1962 nc
721 1932 846 1974 potestatem
864 1926 900 1963 ha-

90 1987 138 2024 beat
150 1986 262 2025 exercendi
274 1986 293 2023 in
306 1998 343 2023 nos
356 1986 455 2024 malitiam
468 1998 532 2024 suam.
557 1987 614 2024 Mala
632 1987 664 2024 hic
678 1994 790 2025 censentur
802 2000 842 2025 non
854 1995 899 2025 tan-

91 2054 143 2093 tum,
161 2061 213 2098 quae
225 2048 314 2085 animam
326 2054 426 2099 tangunt,
444 2047 480 2085 sed
493 2060 544 2099 quae
557 2060 633 2098 eorpus
646 2048 719 2094 etiam,
737 2049 812 2086 famam
825 2056 845 2087 et
856 2049 899 2086 for·

91 2115 159 2147 tunam
170 2109 200 2147 ita
212 2108 315 2154 afficiunt,
334 2115 357 2147 ut
376 2110 455 2147 animae
474 2110 549 2147 malum
568 2117 589 2147 et
606 2117 752 2148 nocumentum
769 2110 816 2148 inde
830 2111 898 2148 timeri

89 2171 163 2220 possit.
187 2170 226 2210 „Si
238 2171 370 2208 ambulavero
382 2171 403 2208 in
415 2172 481 2209 medio
493 2172 579 2209 umbrae
591 2172 678 2217 mortis,
690 2184 730 2209 non
742 2172 817 2210 timebo
832 2173 896 2218 mala,

90 2233 184 2281 quoniam
202 2239 224 2269 tu
242 2244 321 2269 mecum
341 2245 370 2269 es·
393 2233 489 2270 Illumina
501 2234 573 2270 oeulos
585 2246 653 2278 meos,
672 2246 697 2270 ne
716 2246 804 2283 unquam
823 2234 897 2271 obdor-

89 2293 151 2330 miam
167 2293 188 2329 in
206 2299 283 2337 morte,
301 2304 326 2329 ne
339 2292 419 2340 quando
432 2293 487 2329 dicat
498 2293 595 2330 inimicus
606 2306 675 2331 meus:
693 2294 806 2331 Praevalui
825 2294 897 2331 adver·

89 2365 135 2391 sum
151 2353 218 2391 eum’5

442 2413 545 2449 Amen

161 2534 215 2582 Fiat,
233 2534 275 2574 fiat.
292 2536 371 2588 Magno
384 2532 488 2575 desiderio
500 2532 685 2588 pronunciabitur:
704 2549 750 2577 nam
769 2537 896 2578 desiderium

87 2603 200 2647 pauperum
213 2597 318 2637 exaudivit
328 2599 438 2637 Dominus.
455 2599 535 2651 Magna
547 2600 608 2638 etiam
621 2600 706 2646 fiducia,
724 2602 792 2652 utqui
805 2615 828 2639 ea
840 2609 897 2651 peta-

86 2670 144 2706 mus,
157 2675 209 2712 quae
221 2662 310 2713 petenda
320 2662 472 2714 praescripsit:
491 2663 564 2704 „Haec
577 2670 609 2703 est
624 2664 711 2713 fiducia,
725 2677 785 2718 quam
797 2664 897 2705 habemus

88 2720 112 2757 ad
123 2721 200 2771 Deum,
219 2726 266 2777 quia
281 2726 422 2778 quodcumque
436 2727 559 2778 petierimus
576 2728 690 2767 secundum
701 2730 829 2767 voluntatem
841 2729 896 2777 ejus,

87 2781 156 2820 audiet
167 2796 214 2831 nos,
234 2788 355 2834 etseinms,
374 2790 469 2840 quoniam
480 2789 581 2828 babemus
592 2791 715 2840 petitiones,
735 2804 785 2841 quas
804 2792 894 2841 postula·

87 2855 132 2881 mus
144 2845 168 2881 ab
181 2848 218 2882 eo’'
234 2847 259 2895 ¹),

85 2926 286 2937 ἡ

112 2967 127 3006 1)
136 2964 166 2998 Ex
174 2964 247 2998 Ludov.
259 2967 282 3000 dc
291 2969 361 3012 Ponte,
370 2971 449 3013 Lessio,
460 2971 547 3016 aliisque.
