2017 3193
457 203 608 262 Continuatio.

205 321 223 376 ξ.
238 320 287 363 186.
299 325 387 362 Praeter
400 322 532 362 evitationem
545 322 683 358 fomentorum
695 320 756 369 hujus
769 318 826 363 vitii,
845 317 939 355 oumibus

131 394 152 425 et
163 385 266 437 singulm,
278 386 316 425 hoe
329 398 367 424 non
377 386 432 435 5³¹5ss
445 382 570 432 deplorando
583 382 664 419 scelere
677 382 779 426 irretitis,
793 382 825 418 rel
838 386 861 417 ut
873 379 939 416 denuo

130 448 177 485 inde
189 454 311 499 emergant,
324 460 362 498 quo
374 446 428 496 lapsi
439 449 495 488 sunt,
507 442 605 479 velutin
617 448 723 490 posterum
736 443 775 480 sibi
789 447 939 492 praecaveant,

132 515 167 547 aut
184 516 334 559 praeservent,
351 508 406 546 nullo
425 518 465 544 non
478 511 571 552 tempore
581 505 676 553 positiva
687 503 779 540 sceleris
796 503 900 546 remedia,
919 509 939 540 et

131 573 273 609 casttrnontee
284 569 385 609 snbstdta
396 565 525 617 injungenda
536 569 591 601 sunt.

66 677 68 679 ,
203 633 231 669 Et
242 633 322 682 quidem
336 633 359 678 a)
372 628 464 677 dittpeas
476 625 577 664 custodie
588 636 694 663 sensenna
706 628 858 674 ceteram-ene,
871 626 937 671 visus,

110 695 113 699 ’
131 693 225 739 auditus,
242 693 354 736 odoratus,
375 695 451 740 gustus
467 693 488 725 et
503 692 583 732 tactus3
604 699 642 736 per
660 699 736 724 sensus
753 686 806 724 eninr
825 693 937 732 externos,

130 761 153 793 ut
169 754 276 805 Propheta
287 752 389 802 loquitur,
409 761 467 787 mors
479 749 539 799 qrrasi
552 761 590 798 per
609 747 715 785 fenestras
728 746 854 794 ascendit¹].
878 748 939 785 Absit

131 816 211 866 quidem
224 816 290 853 omnis
301 812 391 850 ridicula
401 810 517 855 timiditas,
529 810 566 847 sed
578 809 640 847 etiam
655 810 721 847 omnis
735 810 850 847 temeritas.
875 808 938 847 „vu--

131 877 210 928 ginem,
230 876 259 913 ait
271 876 293 913 S.
307 872 431 922 Scriptura,
449 884 475 909 ne
488 871 627 921 consipieias,
645 871 737 908 neforto
755 870 906 908 scandalizeris
918 870 938 907 in

130 938 205 977 decore
220 935 296 973 illius.’'
322 933 382 973 „Noli
398 932 561 982 circumspicere
579 932 600 969 in
612 931 666 969 vicis
679 931 782 976 civitatis,
800 944 838 969 nec
852 932 937 969 oberra-

129 999 187 1036 veris
199 998 219 1035 in
231 996 306 1046 plateis
318 995 395 1032 illius.’⁷
420 996 511 1034 „Averte
523 993 598 1031 faeiem
610 999 667 1030 tuam
680 1006 691 1030 a
703 993 791 1030 muliere
807 999 899 1042 couipta,
918 999 939 1030 et

130 1071 155 1097 ne
168 1056 326 1105 circumspicias
338 1055 413 1093 faeiem
426 1054 560 1102 alienam’⁷²).
579 1055 663 1091 Debent
681 1060 702 1091 et
714 1066 776 1091 aures
789 1060 849 1092 caute
869 1060 938 1091 custo-

130 1120 183 1164 diri,
201 1130 226 1155 ue
240 1118 324 1155 audiant
345 1129 453 1154 sermones
472 1117 588 1154 obscoenos
601 1121 621 1152 et
632 1115 767 1160 inhonestos,
787 1128 838 1165 quos
853 1116 908 1152 forte
921 1116 939 1152 si

130 1179 221 1218 audieris
233 1178 355 1229 aliquando,
367 1178 491 1228 displiceant
502 1177 548 1222 tibi,
560 1177 620 1226 idque
632 1183 713 1215 moesto
724 1177 783 1214 vultu
795 1177 895 1221 ostende;
908 1176 938 1214 fa-

131 1242 169 1278 cile
182 1239 236 1276 enim
254 1238 314 1277 homo
328 1239 417 1288 complet
435 1251 510 1288 opere,
530 1238 582 1288 quod
601 1237 686 1275 auribus
705 1238 762 1275 audit
780 1250 825 1275 cum
841 1238 938 1285 jucundi-

129 1306 179 1339 tate.
202 1300 294 1337 Refrena
307 1312 386 1350 quoque
405 1301 497 1350 linguam
509 1305 579 1343 tuam,
597 1311 622 1336 ne
634 1299 727 1348 loquaris
744 1299 809 1336 verba
830 1299 900 1348 turpia
918 1306 939 1336 ct

129 1361 250 1405 inhonesta;
264 1367 414 1410 „corrumpunt
426 1361 479 1398 enim
492 1372 561 1396 mores
573 1359 638 1397 bonos
651 1360 753 1409 colloquia
764 1372 835 1409 prava.
854 1360 938 1410 Lingua

129 1422 210 1473 detegit
228 1434 264 1460 cor
282 1422 384 1466 hominis,
397 1428 418 1459 et
436 1423 524 1459 allectus
543 1420 599 1457 illius
613 1420 695 1469 prodit:
714 1421 860 1470 plenitudinem
884 1420 937 1457 enirn

129 1483 199 1520 cordis
210 1482 301 1531 loquitur
313 1483 385 1533 lingua
394 1479 420 1530 ³).

201 1544 226 1591 b]
240 1541 309 1581 Josta
321 1544 444 1593 refrenatio
456 1554 562 1580 sensuum
574 1546 741 1582 traternorztmet
755 1543 867 1592 praecipue
878 1545 938 1580 larte-

126 1607 255 1653 piscationis,
273 1617 298 1641 ne
312 1605 346 1642 vel
357 1604 441 1642 nimium
453 1605 582 1649 incalescat,
594 1606 628 1642 vel
641 1605 721 1642 onmiuo
738 1604 938 1652 repraesentationi-

127 1665 166 1703 bus
178 1665 266 1703 lubricis
277 1666 395 1715 impleatur.
418 1665 507 1714 Semper
523 1672 646 1713 occupatum
659 1666 687 1703 sit
699 1678 735 1702 cor
747 1663 836 1702 hominis
857 1665 937 1715 cogita-

127 1726 217 1764 tionibus
230 1726 323 1764 sanctis:
335 1726 448 1763 immittunt
460 1726 513 1764 erum
527 1727 637 1764 daemones
650 1727 670 1763 in
689 1726 777 1763 animam
796 1727 883 1763 otiosam
903 1738 937 1763 co-

128 1783 241 1836 gitationes
263 1787 404 1835 perniciosas,
420 1788 449 1824 ait
467 1787 489 1824 S.
502 1788 634 1831 Bernardus‚
661 1788 734 1836 quibus
754 1789 885 1836 occupetur,
904 1794 937 1832 ut,

128 1848 222 1895 quamvis
234 1859 297 1895 opere
309 1859 349 1884 non
360 1854 444 1896 peccet,
463 1855 537 1896 peccet
549 1854 618 1884 tamen
631 1847 766 1898 cogitatione.
791 1848 864 1891 „uota
880 1848 937 1884 sinas

128 1908 268 1958 cogitationes
281 1920 394 1952 erescere;
407 1909 453 1945 dum
466 1921 543 1956 parvus
556 1915 588 1945 est
599 1908 674 1952 hostis,
686 1905 829 1953 interimam).
846 1908 937 1946 „Primis

127 1967 203 2004 diaboli
214 1967 367 2004 titillationibus
380 1968 501 2005 obviandum
515 1975 553 2012 est,
566 1981 604 2005 nec
618 1969 703 2005 coluber
716 1968 782 2003 foveri
791 1968 859 2012 debet,
872 1968 936 2005 donee

125 2026 146 2063 in
159 2033 278 2076 serpentem
290 2028 406 2065 formetur'⁷
414 2026 439 2076 ⁵).

200 2090 223 2136 e]
235 2085 359 2127 Moderata
370 2092 477 2128 sever-ttae
490 2090 555 2140 quoad
563 2090 640 2128 victum
656 2096 676 2127 et
684 2090 761 2128 cultum
771 2090 877 2140 corporis:
889 2102 943 2133 uamx

127 2161 165 2199 quo
177 2150 260 2187 mollius
275 2151 393 2200 lautiusquc
410 2164 486 2201 corpus
501 2152 597 2197 fovetur,
617 2164 640 2189 eo
658 2153 730 2201 plures
743 2163 822 2201 quoque
835 2152 892 2189 faces
911 2152 935 2189 li-

125 2211 189 2249 bidini
200 2211 346 2259 subjiciuntur.
371 2211 411 2251 „Si
422 2213 468 2263 quis
481 2213 587 2251 «existimat
598 2225 660 2262 posse
673 2226 696 2250 se
711 2212 793 2250 versari
805 2213 824 2250 in
840 2213 934 2260 deliciis,

88 2317 91 2320 ¹
126 2279 146 2312 et
158 2273 279 2312 deliciarum
291 2274 348 2312 vitiis
361 2286 400 2312 non
413 2274 491 2320 teneri,
510 2287 533 2312 se
545 2275 613 2325 ipsum
626 2273 748 2325 decipit'⁷⁶].

199 2336 223 2384 d)
238 2334 346 2375 Custodia
354 2336 449 2387 paedoris
460 2337 574 2375 nuterralts
585 2343 627 2374 tuni
641 2338 752 2389 ergaalios
765 2344 807 2375 tum
815 2351 866 2390 erga
877 2351 934 2390 pro-

123 2401 198 2449 prium
210 2411 297 2450 corpas.
320 2399 399 2437 Juveni
410 2399 469 2436 eitixe
483 2399 677 2445 conunendandum,
690 2406 713 2438 ut
725 2400 821 2450 quidquid
835 2401 934 2450 pudorem

126 2472 196 2499 coram
209 2460 260 2499 eliis
271 2462 305 2499 rei
317 2473 389 2499 coram
400 2474 425 2499 se
436 2464 484 2512 ipso
496 2459 545 2499 solo
557 2461 633 2506 laedit,
646 2462 736 2523 sollicite
749 2463 868 2500 eliminetur
878 2462 903 2510 ⁷).

199 2525 222 2570 e]
240 2519 500 2572 Stettlt'temlettratlitetls,
517 2529 619 2572 quatenus
638 2525 725 2561 castitas
749 2524 876 2573 apprehendi
895 2537 934 2562 uon

125 2588 201 2628 potest,
212 2583 253 2620 nisi
260 2583 384 2621 humilitatis
391 2584 525 2622 fundamenta
532 2584 552 2621 in
561 2583 623 2621 corde
632 2583 711 2621 fuerint
723 2585 831 2630 collocata.
848 2585 934 2623 „Prius-

125 2651 185 2688 quam
192 2643 323 2690 humiliarer,
336 2642 455 2695 deliqui''⁸].
468 2645 495 2682 Ut
503 2646 590 2682 castitas
600 2644 668 2691 detur,
681 2645 787 2683 humilitas
796 2643 933 2692 nreretur=⁷'‘'].

124 2721 309 2735 κ-

149 2761 426 2807 1).1111.1Χ.21.--ηΕῡοΠ
438 2767 471 2799 lX.
481 2768 498 2798 5.
509 2768 526 2798 7.
537 2767 554 2799 8.
564 2785 585 2789 —
596 2764 611 2804 ³l
622 2765 662 2799 Gir.
674 2767 723 2800 Lud.
738 2767 818 2799 Granat.
832 2768 876 2798 Dur
888 2774 931 2808 pec.

173 2818 191 2851 p.
202 2812 244 2845 630.
258 2816 353 2856 610.-4)
364 2815 384 2848 S.
393 2815 447 2849 Hier.
457 2815 514 2859 epist.
527 2816 557 2848 22.
567 2834 590 2838 η
598 2818 614 2856 ⁵)
625 2815 645 2848 S.
657 2816 714 2859 Cypr.
725 2816 748 2849 de
762 2815 845 2856 Jejuno.
854 2814 897 2857 —⁶)
912 2814 933 2847 S.

172 2857 227 2891 Hier.
235 2860 279 2896 libr.
291 2866 307 2897 1.
318 2868 378 2898 contr.
387 2865 451 2898 Jovin.
464 2883 487 2888 -
500 2867 516 2906 7)
531 2864 570 2897 Cfr.
583 2864 606 2896 A.
621 2864 694 2909 Stapl's
707 2863 892 2906 Eereliunpslebre.
909 2882 933 2888 -

172 2907 188 2946 8)
198 2906 271 2942 Psalm.
281 2912 366 2947 CXVIII.
375 2915 406 2947 67,
416 2933 440 2939 -
449 2916 465 2954 ⁹)
476 2914 497 2947 S.
505 2913 562 2947 Bern.
573 2912 629 2954 epist.
