2056 3193
105 62 132 103 16

104 176 153 215 Jam
164 184 187 217 ut
198 178 222 217 dc
235 176 321 231 singulis
335 171 409 213 saltem
421 188 487 227 pauca
496 175 595 222 dieamus
607 177 639 215 rei
648 178 742 230 gravitas
751 176 907 231 etpracstantia

106 242 187 281 ommno
201 242 294 294 exigunt,
306 239 366 290 idque
378 239 411 277 vel
423 239 480 287 ideo,
493 240 540 291 quia
552 252 590 290 quo
602 240 728 282 luculentius
739 244 828 294 patebit,
843 241 906 292 majo·

106 304 135 342 ris
149 318 195 343 esse
207 302 295 354 negotii,
309 314 368 352 quam
380 303 443 355 vulgo
457 303 554 347 creditur,
569 301 665 341 idoneum
678 318 742 356 agere
756 305 907 345 confessarium

107 373 127 403 et
139 368 250 404 animarum
263 369 375 409 rectorem,
387 364 426 403 hoc
439 364 504 412 major
516 364 688 410 eritsollicitudo,
701 368 725 404 ad
733 367 770 405 lias
781 368 907 406 animidotcs

107 434 127 464 et
142 428 230 464 virtutes
248 424 346 463 enitendi.
371 426 478 464 „obsecro
496 431 572 469 autem,
589 431 612 462 ut
627 427 698 463 verbis
716 428 738 465 S.
751 428 873 477 Hieronymi
887 428 908 465 in

106 487 193 537 epistola
205 486 229 523 ad
242 486 348 525 Oceanum
360 493 413 531 utar,
428 498 454 523 nc
467 485 511 535 quis
524 498 555 523 me
567 485 587 522 iu
600 486 772 538 suggillationem
783 490 844 528 istius
856 496 907 527 tem-

105 548 161 597 poris
174 548 307 586 sacerdotum
320 548 439 597 scripsisse,
453 559 503 596 quae
512 547 596 596 scripsi,
609 548 713 594 exstimat,
726 550 763 587 sed
772 551 908 590 qucclesiae

105 608 222 651 utilitatem,
266 610 325 658 quasi
336 609 441 657 speculum
454 608 568 645 sacerdotii
579 609 707 657 proponitur.
720 610 735 646 J
737 623 768 647 am
776 611 797 647 in
804 617 908 659 potestate
939 632 942 636 ·

105 673 125 702 et
137 669 267 705 conscientia
280 669 408 717 singulorum
421 674 459 711 est,
473 668 543 715 quales
556 679 578 703 sc
590 668 619 704 ibi
632 669 743 715 aspiciant3
759 676 782 705 ut
793 671 825 706 vel
838 671 908 706 dolere

105 726 130 762 ad
142 727 301 771 deformitatem,
313 728 346 763 vel
358 726 449 777 gaudere
462 726 486 762 ad
498 726 671 775 pulclu‘itudincm
683 728 777 777 possinF’
786 727 811 775 ¹).

325 845 456 902 Necessitas
471 846 558 902 debitae
572 846 688 902 scientiae.

181 963 198 1017 ξ,
213 961 246 1003 12.
262 965 317 1002 Dum
329 964 353 1002 dc
365 964 453 1002 scientia
466 964 595 1003 confessario
608 966 731 1004 necessaria
743 966 852 1016 loquimur,
870 978 909 1004 non

107 1026 242 1078 intelligimus
255 1039 309 1070 eam,
323 1038 373 1076 quac
386 1026 445 1063 inflat
457 1032 477 1063 et
489 1033 555 1064 mater
568 1033 601 1064 est
611 1040 677 1064 vanae
690 1028 781 1078 gloriae,
794 1029 830 1066 sed
842 1028 910 1065 seien-

107 1088 157 1126 tiam
173 1088 257 1133 salutis,
276 1087 372 1125 comitem
385 1087 494 1125 charitatis
507 1094 528 1125 et
540 1088 663 1140 magistram
674 1088 804 1127 humilitatis.
822 1092 840 1128 A
851 1096 910 1139 parte

108 1150 209 1187 scientiae
220 1149 359 1187 connuendari
366 1149 443 1186 dehere
452 1149 612 1195 confessarium,
619 1162 678 1187 nemo
685 1150 818 1188 dubitaverit.
833 1151 911 1190 „Lahia

108 1210 224 1248 sacerdotis
237 1210 354 1247 custodient
365 1210 481 1253 scientiam,
494 1216 515 1246 et
526 1212 594 1261 legem
606 1211 715 1260 requirent
723 1224 791 1248 exerc
800 1212 851 1260 ejus,
864 1212 910 1260 quia

108 1272 195 1320 angelus
206 1270 290 1307 Domini
302 1270 432 1307 exer-rituum
444 1270 488 1307 cst²’
496 1269 521 1316 2).
535 1268 635 1308 Solantia
644 1283 655 1307 a
663 1272 808 1309 Poeuitentiae
817 1271 911 1309 ministro

107 1337 202 1378 tanquam
208 1330 408 1378 jaaclicerequiritur
416 1330 477 1376 juxta
488 1331 547 1379 leges
560 1331 694 1368 canonicas:⁷'
709 1332 785 1368 Careat
797 1331 911 1379 spiritualis

103 1389 177 1436 judex,
195 1395 226 1433 ut,
240 1390 295 1426 sicut
306 1401 345 1425 non
358 1389 460 1426 cornrnisit
473 1389 551 1426 crimen
563 1390 677 1439 nequitiae,
690 1390 720 1427 ita
732 1402 772 1427 nou
785 1396 857 1428 careat
868 1402 911 1426 mu-

107 1463 157 1487 nere
174 1450 282 1488 scicntiae.
305 1450 394 1499 Oportet
406 1451 466 1496 euim,
483 1456 506 1487 ut
517 1451 571 1488 sciat
583 1464 724 1502 cognoscere,
741 1452 837 1502 quidquid
852 1452 913 1488 delict

104 1513 206 1563 judicare.
229 1513 346 1552 Judiciaria
358 1512 412 1551 enim
423 1518 517 1564 potestas
528 1513 568 1552 hoc
581 1514 708 1565 expostulat,
724 1520 756 1561 nt,
775 1515 827 1566 quod
840 1514 913 1553 debeat

104 1577 209 1626 judicare,
233 1574 384 1625 disce1·uat”³).
413 1576 478 1625 Quam
500 1578 623 1616 necessaria
645 1578 672 1615 sit
694 1579 808 1616 animarum
825 1578 912 1616 medicis

109 1640 206 1684 scientia,
232 1640 319 1690 egregie
339 1640 468 1677 demonstrat
488 1639 510 1677 S.
524 1640 653 1690 Gregorius:
680 1639 745 1688 „Quis
763 1640 913 1691 cogitationum

108 1702 194 1739 vulnera
206 1701 321 1739 occultiora
333 1713 380 1738 esse
392 1701 460 1739 nescit
470 1701 592 1738 vulneribus
600 1702 720 1740 viscerum?
732 1703 834 1739 Ettamen
843 1713 913 1750 saepe,

109 1763 143 1813 qui
154 1775 281 1812 nequaquam
293 1762 409 1812 spiritualia
421 1769 533 1812 praecepta
546 1769 697 1813 cognorerunt,
711 1763 780 1801 cordis
793 1763 913 1801 semedicos

108 1825 203 1872 profiteri
215 1836 254 1860 nou
267 1830 372 1861 metuunt:
390 1824 446 1867 duru,
464 1824 497 1873 qui
509 1824 664 1874 pigmentorum
676 1824 717 1860 vim
729 1824 835 1869 nesciunt,
848 1824 914 1861 videri

110 1885 182 1922 medici
198 1885 267 1921 carnis
282 1881 455 1930 erubescunt³⁷⁴].
465 1926 467 1930 ¹
477 1886 584 1933 Tanquam
596 1884 687 1921 ministri
699 1885 826 1922 sacramenti
838 1890 859 1920 ct
871 1885 913 1921 aui-

109 1957 188 1981 marum
201 1945 264 1981 duces
277 1950 337 1992 atquc
350 1945 447 1980 doctores
459 1957 586 1993 magnopere
599 1958 623 1981 ea
634 1944 736 1993 indigent,
749 1956 773 1980 ne
785 1944 914 1993 Sanguinem

108 2003 161 2040 Jesu
168 2002 255 2047 Christi,
269 2003 328 2049 eujus
340 2003 428 2051 pretium
442 2004 579 2040 sacramento
588 2004 713 2046 continetur,
725 2003 811 2051 profane
822 2003 914 2051 polluant

108 2063 199 2116 indignis
216 2063 389 2102 administrando:
408 2069 428 2101 et
445 2075 469 2101 nc
484 2063 524 2113 ipsi
535 2063 611 2102 lumine
624 2063 719 2103 destituti
733 2063 811 2102 animas
823 2064 843 2101 in
855 2076 914 2113 prae·

110 2125 180 2177 cipitia
197 2125 282 2173 ducant,
305 2125 418 2165 secundnm
435 2125 560 2164 redemtoris
578 2126 645 2164 nostri
662 2126 758 2165 effatum:
783 2125 880 2166 „Caecus
897 2124 915 2163 si

111 2203 172 2229 caeco
185 2190 281 2229 ducatum
293 2196 395 2240 praestet,
408 2190 466 2228 aiubo
477 2190 498 2228 in
510 2191 591 2228 lorcam
605 2190 691 2229 cadunt''
699 2188 725 2238 5).
740 2190 785 2236 „Si
795 2190 916 2240 utloquitur

112 2253 134 2290 S.
142 2254 192 2298 Leo,
203 2253 239 2290 rix
250 2254 270 2291 in
282 2253 341 2291 laicis
353 2253 469 2290 tolerabilis
476 2253 558 2291 ridetur
569 2253 654 2291 inscitia
666 2256 750 2301 (eorum
762 2253 852 2297 scilicet,
865 2265 916 2302 quac

112 2314 136 2351 ad
149 2315 240 2363 cujusvis
253 2314 343 2353 officium
355 2314 483 2365 pertinent),
502 2321 576 2365 quanto
593 2315 660 2366 magis
672 2315 693 2352 iu
706 2315 746 2359 cis,
763 2314 796 2364 qui
808 2320 915 2364 praesunt,

112 2388 151 2413 nec
163 2377 296 2415 excusatione
309 2377 372 2428 digna
384 2383 425 2422 est,
442 2389 481 2414 nec
492 2374 611 2424 venia'⁷!⁶).
636 2375 756 2424 „Quomodo
769 2376 833 2422 euim,
851 2376 917 2426 inquit

114 2437 136 2474 S.
148 2438 279 2484 Bernardns,
292 2438 390 2476 excusari
401 2439 469 2487 possit
480 2438 501 2474 in
514 2451 545 2483 eo,
558 2438 592 2487 qui
604 2450 626 2475 se
639 2437 764 2488 magistrum
776 2437 885 2475 infantium
897 2443 918 2473 ct

113 2498 218 2535 doctorem
230 2499 369 2548 insipientium
381 2499 508 2548 profitetur?
525 2499 625 2549 ignorans
638 2499 707 2548 utiquc
719 2498 859 2550 ignorabitur,
876 2498 917 2534 imo

114 2565 135 2595 et
150 2558 225 2595 multos
241 2560 341 2609 ignorare
358 2560 409 2597 facit
425 2566 446 2597 et
461 2560 576 2609 ignor·a1·i.”
589 2583 619 2587 —
636 2560 798 2598 „Confessarius
815 2560 917 2609 ignorans

113 2619 178 2655 tantis
190 2618 256 2661 obest,
269 2621 349 2667 quantis
361 2620 466 2669 praeest.'⁷
478 2642 508 2646 —
521 2621 608 2658 „Nullus
621 2620 646 2657 ad
658 2632 721 2657 sacra
732 2620 803 2656 verriat
814 2618 917 2654 indoctus.

112 2679 181 2716 Aliter
193 2678 319 2715 ordinaturis
332 2685 352 2716 ct
361 2679 480 2717 ordinandis
487 2680 580 2717 imminet
586 2680 627 2716 Dei
634 2685 655 2716 et
662 2679 772 2717 Ecclesiae
779 2677 882 2714 vindicta*
891 2676 917 2725 7),

139 2792 153 2830 1)
173 2786 232 2822 Sielie
249 2786 391 2833 H'dglspergers
409 2789 509 2833 geistliohe
528 2789 683 2833 Scclcnfiihrung
700 2788 725 2822 im
738 2786 878 2821 Beiehtstumo.
895 2806 919 2812 —-

162 2843 178 2882 2)
188 2838 236 2872 llIal.
245 2838 269 2871 ll.
280 2841 297 2871 7.
304 2842 350 2880 —³J
362 2840 383 2873 C.
391 2842 406 2873 1.
417 2840 432 2883 ξ.
439 2843 456 2873 3.
465 2841 526 2874 lavi.
536 2840 665 2883 depoenit.—
673 2838 688 2883 4)
697 2839 750 2872 Libr.
759 2838 813 2872 Past.
824 2839 846 2872 P.
855 2839 869 2872 1.
878 2842 918 2873 ol.

162 2908 186 2918 „-
195 2892 211 2933 5)
221 2889 291 2922 Matth.
301 2889 343 2923 XV.
354 2890 382 2922 l'a.
388 2907 411 2912 -
419 2893 434 2930 fi)
443 2890 504 2933 Epist.
511 2892 540 2923 22.
548 2890 706 2923 adConstant.-—
713 2892 729 2931 ⁷)
737 2888 795 2922 Ceno.
801 2888 918 2924 relatvm.
