2056 3193
147 29 190 79 ‘132

146 151 201 191 bunc
214 149 369 190 finem'sorvire
387 155 481 200 possunt,
497 151 554 188 Inter
569 149 621 190 baec
635 152 731 200 primum
748 156 835 202 occupat
852 148 921 189 locum
934 144 953 189 i.

145 215 239 264 quaestio
252 215 278 252 de
293 211 461 260 obltpottomons
477 216 593 263 peceatum
610 213 804 264 cortsoquontibus‚
822 227 839 252 e.
852 226 872 265 g.
886 212 953 250 aliena

145 276 282 320 restituendi,
302 286 347 311 cum
364 266 455 312 inimicis¹
473 286 496 312 se
513 273 676 319 reconciliandi,
695 275 827 314 occasionem
838 275 954 325 proximam
986 322 988 331 Δ

146 337 262 380 deserendi,
274 346 347 384 nempe
360 347 386 372 an
397 336 507 385 poenitens
518 336 556 375 bas
569 334 707 386 obligationes
719 336 763 384 jam
776 337 901 387 expleverit,
919 341 954 373 aut

146 400 228 448 explere
241 396 343 445 eoeperit,
363 404 398 436 aut
410 399 485 436 saltem
503 399 586 446 explere
598 388 685 445 paratus
703 397 737 434 sit.
754 400 787 435 Ex
800 398 833 436 his
850 399 904 437 enim
919 410 953 435 re·

146 457 290 509 sponsionibus
304 458 472 497 arrimadvertere
485 465 523 502 est,
540 458 641 508 quodnam
654 469 753 496 conamen
765 458 872 510 hucusque
885 458 954 499 adsui

145 519 310 557 emendationem
323 521 367 568 [vel
380 527 436 558 motu
450 519 545 569 proprio,
561 520 594 556 vel
610 519 788 557 confessariorum
802 519 878 568 jussu)
897 521 953 559 adhi-

144 581 225 626 buerit:
239 593 332 631 quaeque
345 582 463 620 contrariae
475 580 561 617 virtutis
574 593 638 630 opera
645 581 771 620 exercuerit.
783 581 852 630 ltlajor
859 581 953 619 minorve

144 642 224 692 gradus
236 642 405 692 promptitudinis
418 641 455 678 has
468 641 593 690 adimplendi
604 641 743 693 obligationes
748 649 791 694 ‚let
801 643 893 680 virtutes
904 654 953 692 pec-

145 710 191 741 3313
205 703 323 741 3331131133
336 702 454 747 exercendi,
467 702 567 750 majorem
578 704 612 740 vel
623 704 724 741 minorem
735 703 813 742 indicat
824 703 912 755 gradum
924 703 953 741 di-

146 764 267 814 spositionis
279 764 304 800 ad
316 764 490 802 sacramentalem
502 763 593 815 gratiam
606 764 744 802 obtinendam.

218 822 238 863 Ζ).
252 824 371 873 Quaeratur
383 826 407 863 de
421 829 517 876 tempore
523 853 532 874 7
549 831 646 875 quantum
658 825 755 863 nimirum
768 827 860 876 elapsum
871 826 911 872 sit,
928 838 954 864 311

145 900 183 938 quo
195 887 304 938 poenitens
317 887 427 924 criminum
439 899 524 925 suornm
537 887 589 936 apud
602 887 755 925 confessarium
767 899 790 925 se
803 887 916 932 accusarit,
934 893 954 926 et

144 950 164 987 in
178 949 255 998 specie,
275 960 300 985 ex
312 960 350 998 quo
363 949 435 986 ultima
447 949 493 986 vioe
511 954 581 986 certae
597 948 676 998 speciei
692 955 802 998 peecatum
817 948 952 988 commiserit.

146 1009 290 1048 Confessionis
304 1009 373 1047 dilatio
383 1010 440 1058 justo
453 1009 536 1061 longior
549 1021 613 1047 causa
626 1016 658 1047 est
670 1022 740 1060 saepe,
752 1016 775 1047 ut
785 1010 906 1048 hominesin
919 1023 952 1048 ea-

146 1072 190 1109 dem
199 1070 293 1109 recidant
304 1077 398 1120 peccata,
411 1078 431 1108 et
442 1071 585 1108 inactionibus
598 1071 717 1109 suisDeum
729 1071 887 1117 obliviscantur,
899 1072 952 1110 unde

145 1133 178 1177 fit,
195 1139 217 1170 ut
229 1132 358 1170 conscicntia
369 1138 443 1170 tenera
454 1144 494 1170 non
506 1132 617 1183 gaudeant.
636 1132 674 1169 Ubi
689 1144 740 1170 vero
759 1133 902 1170 confessarius
918 1133 952 1171 ad·

145 1193 241 1238 verterit,
254 1193 337 1243 longius
349 1193 499 1231 intercessisse
511 1199 600 1242 tempus,
612 1205 638 1231 ex
650 1205 689 1243 quo
701 1193 810 1243 poenitens
823 1200 903 1232 eertum
917 1194 952 1231 ali·

146 1255 198 1305 quod
210 1262 319 1303 peecatum
333 1255 432 1303 patravit,
449 1254 593 1293 sciscitabitur
608 1254 632 1292 de
648 1255 718 1292 causis
733 1255 850 1293 intermissi
863 1255 952 1306 peecati,

146 1328 193 1353 num
206 1328 232 1352 ex
242 1327 294 1352 vera
307 1316 377 1354 cordis
390 1316 539 1360 emendatione,
552 1315 634 1354 scilicet
646 1328 716 1353 3111313
727 1316 767 1354 Dei
779 1317 912 1365 profluxerit,
928 1328 952 1354 an

146 1378 170 1415 ob
183 1376 287 1415 defectum
300 1376 427 1423 occasionis,
442 1376 578 1422 irritationis,
594 1383 629 1414 aut
647 1376 767 1414 tentationis
782 1377 952 1422 vehementioris,

145 1438 178 1475 vel
197 1438 221 1476 ob
241 1437 337 1475 timorem
354 1438 493 1476 infaustorum
512 1439 691 1477 consectariorum
709 1438 729 1475 id
747 1438 825 1477 factum
843 1438 913 1476 fuerit.
935 1439 953 1476 Ε

146 1500 253 1548 responsis
272 1499 416 1549 proculdubio
434 1500 525 1549 patebit,
543 1505 613 1537 utrum
632 1500 657 1537 ad
669 1499 760 1550 gratiam
777 1499 953 1538 sacramentalem

147 1560 278 1598 obtinendam
290 1561 384 1612 legitimo
398 1560 511 1610 dispositus
524 1561 558 1605 sit,
571 1573 609 1599 nec
622 1573 654 1598 ne.

221 1617 241 1659 3.
263 1622 439 1660 Per-cunctabitur
456 1622 601 1660 confessarius
621 1621 647 1659 de
665 1634 716 1660 3313
735 1625 821 1673 peccota
844 1623 954 1660 retromissi

147 1682 235 1732 dolore,
256 1689 276 1720 et
290 1683 346 1720 serio
363 1683 386 1721 de
405 1690 476 1722 cetero
495 1695 535 1721 non
550 1683 651 1733 peccandi
672 1683 789 1733 proposito,
808 1695 856 1721 num
872 1683 955 1722 scilicet

147 1744 254 1794 poenitens
267 1744 336 1782 doleat
347 1757 373 1782 311
385 1735 451 1783 animo
464 1744 604 1794 depereatis?
617 1757 642 1782 an
656 1744 732 1782 habeat
738 1745 867 1794 propositum
877 1744 955 1782 serium

146 1805 225 1843 vitandi
236 1809 361 1854 peceatum?
377 1818 424 1843 num
436 1812 518 1854 tempus
530 1805 663 1854 impenderit,
678 1812 701 1842 ut
712 1817 735 1842 se
748 1805 843 1857 diligenti
860 1805 954 1843 examine

147 1872 291 1916 praepararet,
307 1880 319 1904 a
330 1867 375 1904 Deo
387 1867 528 1917 poenitentiae
544 1867 635 1918 gratiam
652 1872 744 1916 peteret,
762 1878 825 1915 seque
842 1867 866 1903 ad
882 1877 955 1903 verum

148 1928 240 1965 dolorem
253 1927 363 1965 excitaret.
377 1928 523 1965 considerabit
535 1933 604 1965 tamen
617 1927 772 1971 confessarius,
787 1933 857 1964 utrum
868 1938 955 1976 praepa-

147 1988 235 2026 rationis
247 1988 342 2026 defectus
355 2001 380 2026 ex
391 1989 517 2038 poenitentis
529 1988 663 2039 ignorantia,
683 2000 708 2025 an
720 1987 852 2039 negligentia
869 1999 956 2036 proees-

148 2049 207 2094 serit,
220 2055 281 2098 atque
293 2055 342 2087 tunc
353 2050 384 2087 illi
396 2049 545 2099 opitulabitur,
561 2049 678 2093 edocendo,
698 2048 797 2099 quomodo
814 2048 956 2086 conscientiae

148 2123 235 2148 examen
252 2110 363 2149 instituere
382 2111 465 2156 debeat,
485 2110 625 2161 excitabitque
643 2122 689 2148 eum
705 2110 730 2148 ad
745 2110 849 2148 sinceram
866 2110 956 2159 desuper

149 2172 302 2210 contritionem.

224 2230 245 2272 4.
257 2234 301 2271 Nec
313 2233 385 2271 inntilc
397 2234 444 2278 3111,
457 2234 576 2283 exquirere,
588 2230 957 2286 11331331111113331313316133113-

147 2296 268 2343 factionem
280 2295 452 2345 [poenitentiam]
464 2291 607 2345 inoplooert't?
620 2308 656 2334 cur
668 2295 726 2332 illam
737 2294 920 2344 praetermiserit?
934 2294 958 2332 Si

149 2354 188 2394 boe
200 2369 225 2394 ex
237 2357 323 2395 notabili
335 2356 412 2396 accidit
423 2357 561 2409 negligentia,
580 2357 678 2408 quamdiu
690 2355 823 2408 neglexerit?
840 2355 876 2394 ubi
891 2367 917 2394 311
929 2367 958 2394 re

152 2418 201 2463 erit,
217 2431 328 2469 quaerere,
352 2425 422 2457 utrum
439 2419 578 2457 confessionis
594 2425 687 2469 tempore
702 2418 800 2456 habuerit
815 2416 959 2456 satisfaciendi

151 2479 288 2527 voluntatem3
308 2481 359 2519 alias
372 2481 426 2519 enim
437 2481 474 2520 illa
485 2481 542 2519 nulla
553 2481 637 2528 fuisset,
656 2487 677 2520 et
689 2486 747 2519 esset
763 2480 864 2519 iteranda.
881 2501 911 2507 —-
927 2481 959 2518 Ex

151 2540 184 2578 his
196 2543 288 2581 omnibus
301 2544 362 2581 sinml
376 2543 457 2592 junctis
469 2550 511 2581 tam
523 2544 659 2595 generalibus
675 2555 735 2593 quam
753 2543 878 2593 specialibus
897 2554 958 2593 quae-

150 2602 499 2643 311331113333111313133313111131
518 2605 663 2644 confessarius
682 2604 707 2642 de
724 2605 850 2655 poenitentis
865 2605 960 2655 legitima

150 2665 286 2715 dispositione
298 2667 417 2706 adveniam
429 2673 565 2717 peecatorum
578 2681 589 2706 a
600 2668 646 2704 Deo
658 2666 796 2705 obtinendam.
