2056 3193
138 86 182 130 184

139 201 197 238 turni
207 201 262 238 inter
274 199 397 237 vestibulum
410 203 431 235 ct
443 198 508 234 altare
521 198 612 248 gemitus
624 196 716 235 eliciunt.
734 199 793 236 Totis
808 197 874 249 igitur
892 197 941 234 viri·

138 262 177 299 bus
190 259 332 299 confessarius
347 248 461 302 incumbat,
480 263 502 294 ut
518 256 597 295 Christi
615 257 708 305 exemplo
727 271 749 295 se
769 258 887 297 sanctificet
903 270 941 307 pro

138 320 289 370 poenitentibus
301 317 353 355 suis.
365 319 396 355 Eo
408 317 492 367 pietatis
505 318 578 355 afflatu
590 317 607 354 si
619 315 730 354 destitutus
743 319 777 362 sit,
790 318 941 363 timendumne,

138 382 187 419 licet
204 380 258 416 forte
270 378 362 416 Tullium
381 378 479 416 facundia
494 384 586 428 superet,
602 377 629 413 sit
644 389 679 413 aes
698 382 775 414 sonans
791 385 812 416 et
828 379 942 427 cymbalum

138 439 233 478 tinniens,
245 441 275 476 Eo
289 445 363 477 contra
375 439 393 476 si
404 439 477 488 plenus
490 440 524 484 sit,
536 439 592 483 licet,
604 444 626 474 ut
636 437 729 485 Moyses,
742 438 842 476 tardioris
850 439 942 491 linguae,

136 500 189 538 mira
201 499 329 548 operabitur.
342 501 362 538 ls
374 500 410 537 illc
422 500 518 537 uimirurn
526 506 564 537 est
574 498 615 536 Dei
626 497 720 547 spiritus,
733 498 768 548 qui
778 500 896 538 Aurbrosiis
908 501 943 538 dat

136 562 248 609 lacrymas,
261 561 335 612 quibus
347 560 443 599 duriores
455 560 480 598 ad
491 560 580 598 flendum
589 559 720 610 compellant,
732 560 872 610 quillavcriis
882 574 942 613 prae·

95 622 97 627 '
136 623 171 661 bet
182 623 275 675 flagella,
289 623 362 674 quibus
374 621 454 673 proprii
468 622 577 674 sanguinis
594 621 700 672 dispendio
715 622 839 674 sanguinem
857 637 868 661 e
882 624 943 663 venis

136 685 210 724 alienis
223 685 314 730 eliciant,
327 686 361 735 qui
373 686 453 724 demum
465 684 512 724 voci
524 697 599 724 cassae
611 685 673 723 etiam
685 691 706 723 et
716 684 812 723 infirmae
824 685 860 724 dat
870 698 943 725 vocem

136 747 228 786 virtutis.
242 746 310 796 Quare
324 747 370 785 dunt
381 753 493 797 peccator,
508 746 543 796 qui
553 747 642 796 primum
655 747 679 784 ad
692 746 838 785 contritionem
851 747 943 786 excitan-

136 809 173 847 dus
193 815 236 853 est,
252 821 336 847 sacrum
351 808 443 847 tribunal
459 808 547 853 aceedit,
561 809 655 847 breviter
671 808 695 846 ad
712 808 790 846 coelum
806 808 903 858 adspira,
921 816 944 848 ut

135 870 189 909 bane
201 870 318 909 venientem
330 870 419 908 animam
430 870 511 909 lucrari
522 871 599 920 possis,
612 870 709 922 cogitans
722 877 742 909 et
754 882 817 908 orans
830 883 876 909 euin
894 870 943 920 piis-

136 933 189 970 sima
199 932 282 970 duditlr:
296 932 417 972 „confirma
428 945 467 977 me,
479 931 567 970 Domine
579 933 638 971 Deus
650 933 723 978 lsrael,
743 938 763 970 et
774 932 857 982 respice
871 932 891 970 in
903 932 943 971 bac

136 994 189 1032 hora
201 993 225 1031 ad
237 1006 301 1043 opera
314 1006 409 1031 manuum
421 1006 514 1031 mearum
522 991 561 1041 1].”

210 1053 288 1102 Quodsi
299 1055 439 1104 poenitentem
452 1054 589 1093 commoveris
602 1061 623 1092 et
635 1054 659 1092 ad
678 1054 823 1094 contritionem
836 1055 943 1104 disposue-

136 1116 174 1160 ris,
187 1116 298 1153 conlirmcs
310 1116 329 1152 in
349 1128 372 1153 eo
385 1115 466 1154 bonum
477 1117 617 1165 propositum
633 1128 680 1154 sese
696 1115 828 1160 emendandi,
844 1121 886 1153 tum
901 1128 942 1153 me·

136 1189 214 1213 morem
227 1188 272 1213 eum
285 1174 389 1218 ieddcndo
402 1177 482 1214 divinae
494 1176 659 1221 misericordiae,
679 1188 731 1224 quae
742 1188 792 1213 vere
803 1175 943 1224 poenitentem

136 1248 183 1274 cuin
195 1236 270 1286 gaudio
283 1234 394 1284 excipit²],
406 1243 457 1280 tum,
476 1236 511 1272 ubi
523 1248 573 1283 opus
585 1236 660 1279 luerit,
680 1249 705 1272 ex
720 1236 789 1272 divina
804 1236 942 1283 promissione

136 1293 299 1342 consolando³],
318 1302 361 1333 tum
374 1295 436 1333 etiam
454 1295 521 1333 inedia
540 1295 703 1344 suppeditando,
722 1295 780 1344 queis
799 1295 943 1333 conversionis

135 1356 242 1407 negotium
255 1368 279 1393 eo
291 1355 374 1394 facilius
386 1356 480 1394 redditur
493 1362 513 1393 et
526 1356 684 1401 corroboratur,
696 1356 742 1394 Deo
754 1362 866 1404 praeterea
881 1356 906 1394 ad
923 1355 943 1394 id

135 1416 226 1468 gratiam
239 1423 260 1455 et
270 1417 327 1455 vires
339 1417 451 1468 largiente.

393 1535 449 1591 iloni
465 1536 575 1608 propositi
591 1536 685 1592 indoles.

209 1663 227 1718 ξ.
242 1661 291 1705 128.
306 1666 396 1706 Sincera
408 1667 506 1707 contritio
519 1667 543 1705 de
555 1666 648 1717 peccatis
660 1667 782 1706 necessario
794 1667 881 1706 involvit
895 1681 942 1718 pro·

135 1728 225 1779 positum
237 1740 276 1766 non
288 1730 389 1778 peccandi
401 1730 425 1768 de
438 1735 516 1774 cetero,
529 1741 643 1779 novamque
651 1729 715 1767 vitam
726 1728 842 1768 inchoandi.
855 1729 881 1767 Ut
892 1742 943 1768 vero

135 1790 174 1828 boc
189 1789 318 1839 propositum
330 1803 380 1829 vere
393 1791 500 1829 decretum
513 1791 586 1829 mutati
598 1790 661 1828 animi
673 1790 713 1829 dici
725 1797 799 1841 queat,
816 1792 905 1841 firmum
917 1791 944 1829 sit

135 1857 218 1901 oportet
230 1857 251 1889 et
262 1852 356 1902 effictum
369 1865 408 1891 non
421 1852 500 1891 sufficit
512 1853 557 1890 sola
568 1852 664 1890 velleitas
676 1853 755 1897 inanis,
771 1852 808 1890 sed
824 1852 906 1890 securis
919 1853 944 1890 ad

135 1913 228 1951 radicem
240 1913 334 1962 ponenda
346 1920 385 1959 est,
399 1921 420 1953 nt
432 1913 528 1964 quidquid
540 1913 701 1963 probabiliorem
713 1914 819 1962 relapsum
835 1912 944 1952 attrahere

136 1981 212 2024 potest,
225 1980 343 2020 resecetur,
356 1981 376 2012 et
388 1975 454 2014 media
473 1976 548 2013 saltem
564 1974 686 2012 necessaria
702 1986 748 2013 cunr
763 1974 872 2025 diligentia
887 1974 943 2013 adbi-

135 2036 231 2073 beantur.
245 2037 272 2073 ut
284 2047 342 2080 sane,
355 2037 401 2086 quis
413 2035 490 2075 dixerit
502 2048 547 2074 eum
560 2048 610 2073 vcrc
626 2035 678 2073 velle
690 2035 762 2080 finem,
781 2035 815 2085 qui
830 2036 885 2074 nullo
903 2036 943 2074 uti-

136 2103 169 2134 tur
181 2097 255 2142 medio,
268 2098 301 2134 vel
314 2097 348 2147 qui
360 2098 434 2136 saltem
446 2097 474 2134 nil
487 2097 538 2149 agit,
550 2096 603 2147 quod
615 2097 667 2134 satis
680 2097 714 2142 sit,
727 2103 749 2135 ut
761 2096 786 2135 ad
796 2096 854 2136 illum
868 2110 942 2147 pervc-

136 2157 192 2195 niat?
207 2159 259 2195 Eum
276 2170 295 2195 v.
309 2171 329 2209 g.
343 2158 425 2197 doctum
444 2158 490 2196 fieri
502 2159 563 2204 velle,
576 2158 609 2208 qui
621 2158 670 2196 nibil
682 2158 769 2196 studet?
786 2158 889 2196 velillum
901 2171 942 2196 arn·

135 2219 188 2268 plani
200 2231 290 2257 messem
309 2219 381 2257 facere
393 2221 454 2264 velle,
473 2220 583 2271 quiagros
596 2232 662 2270 noque
680 2224 738 2264 arat,
756 2231 822 2269 neque
841 2219 904 2265 serit;
923 2225 944 2257 ct

135 2280 274 2328 poenitentem
286 2280 392 2319 sincerum
405 2281 481 2319 habere
493 2281 622 2330 propositum
634 2293 682 2319 sese
695 2280 823 2331 corrigendi,
836 2286 897 2329 atque
909 2292 942 2318 ac·

137 2341 230 2389 quircndi
241 2341 348 2387 virtutem,
361 2354 400 2391 qua
413 2349 479 2387 earet,
492 2342 526 2392 qui
538 2342 562 2379 ad
574 2342 594 2379 id
606 2342 683 2379 nullum
696 2342 764 2379 exerit
774 2341 883 2378 laborem?
898 2342 942 2378 illle-

136 2413 160 2437 ra
177 2402 272 2439 vclleitas
292 2415 331 2439 non
349 2403 436 2449 sufficit,
456 2403 492 2441 sed
510 2403 592 2440 firmum
612 2409 632 2441 ct
648 2403 724 2441 efficax
741 2402 871 2451 propositum
889 2401 943 2440 adsit

135 2473 223 2498 necesse
235 2470 280 2506 est,
297 2475 323 2500 nc
336 2463 497 2502 Sacramentum
508 2476 547 2500 nos
559 2463 681 2501 frustretur.

209 2520 309 2568 Quoniam
320 2535 371 2560 vero
390 2523 465 2561 bonnm
477 2523 606 2571 propositum
619 2523 703 2571 saepius
714 2522 735 2559 in
747 2522 865 2572 poenitente
881 2522 942 2567 desit,

134 2578 277 2628 confessarius
289 2583 361 2621 hocin
373 2583 493 2632 poenitente
508 2583 542 2620 vel
557 2595 685 2632 procurare,
700 2583 744 2628 vel,
762 2582 780 2620 si
799 2581 899 2626 adfuerit,
917 2583 941 2620 ad

134 2651 221 2679 examen
233 2653 310 2681 vocare
319 2643 409 2690 debebit,
421 2644 536 2694 inquirens,
554 2650 623 2683 utrum
636 2644 697 2694 plena
709 2650 729 2682 et
739 2644 825 2695 integra
836 2643 864 2682 sit
876 2643 895 2682 ei
906 2649 941 2683 vo'·

157 2805 172 2844 ¹)
182 2800 251 2837 tuditi
260 2800 311 2835 Xlll.
323 2804 339 2836 7.
350 2823 371 2827 -
382 2802 397 2848 ²)
407 2804 454 2838 Luc.
465 2803 506 2838 XV.
515 2803 588 2839 Psalnr.
600 2802 639 2837 ΟΠ.
652 2805 679 2838 13.
689 2804 762 2838 Psalur.
772 2803 867 2838 LXXXV.
883 2806 902 2839 5.
917 2825 941 2831 ——

181 2851 439 2939 zlglzzeghizzlgllxllffilfiz.
449 2855 507 2890 liliola
516 2855 559 2889 Vll.
569 2856 597 2889 19.
607 2855 676 2912 Isail.
688 2857 715 2890 18.
728 2856 744 2889 1.
754 2856 809 2888 Joan.
820 2855 843 2889 Π.
855 2858 871 2890 t.
879 2855 940 2890 liebr.
