2056 3193
149 72 195 115 286

150 191 213 229 etiam
224 196 305 228 mature
317 190 451 228 considerent
463 189 579 228 horrendas
590 202 676 239 poenas,
685 192 759 240 quibus
771 191 822 230 haec
833 190 885 230 vitia
895 203 959 240 saepe

151 252 277 287 mulctantur
289 262 300 285 a
311 250 357 286 Deo
369 252 389 287 111
401 250 508 298 praesenti
520 251 613 293 saeculo,
625 256 646 286 11
658 250 731 297 quibus
745 258 803 288 certo
816 251 895 288 certius
907 251 958 287 mul·
1002 258 1004 260 ’

151 308 262 346 ctabuntur
280 308 300 344 11
319 307 400 351 futuro,
418 313 440 344 ut
457 319 529 358 nempe
549 320 574 346 111
592 308 624 346 his
643 308 845 347 considerationibus
861 320 959 361 magnum

151 368 260 408 criminum
279 380 364 409 suorum
382 366 493 410 horrorem
512 369 630 424 concipiant
636 385 642 420 ;
660 371 683 421 c]
697 375 718 410 ut
734 368 772 411 hoo
784 370 856 413 vitium
875 370 959 425 saepius

151 447 176 471 ex
189 433 256 473 animo
268 440 354 485 propter
365 434 433 471 Deum
446 433 576 473 detestentur
587 441 722 486 statuamque
741 433 801 484 apud.
811 448 834 473 se
853 437 906 475 mori
924 449 958 487 po·

151 496 203 540 tius,
216 502 237 533 et
249 506 389 545 quaecumque
401 496 456 532 mala
466 497 570 545 perferre,
583 507 643 544 quam
655 496 675 533 11
693 502 800 545 posterum
813 502 853 533 tam
866 504 959 535 atrocem

149 555 170 590 iu
182 556 250 592 Deum
267 554 364 600 injuriam
379 554 493 591 deliberate
510 555 651 599 committere;
669 561 690 590 et
707 555 793 602 insuper
811 555 917 591 humiliter
936 568 959 592 ae

151 613 274 663 frequenter
290 613 402 662 implorent
419 613 510 650 divinum
528 612 627 652 auxilium
646 613 670 651 ad
688 618 729 650 tam
748 613 840 659 salubris
857 615 959 665 propositi

150 674 291 728 impletionem
302 676 458 723 necessarium;
481 674 505 726 d]
519 682 551 725 ut,
563 676 598 717 ubi
610 675 736 730 contigerit,
756 689 792 716 eos
805 691 832 717 ex
842 678 960 718 inveterata

151 740 300 778 consuetudine
319 740 372 788 [etsi
390 739 506 778 efficaciter
522 743 629 788 retracta]
647 751 785 791 prorumpere
796 740 817 778 iu
828 753 893 779 voces
904 742 959 780 blas-

150 800 236 849 phemas
254 801 288 838 vel
303 800 432 849 juratoriae,
450 812 498 837 mox
516 800 667 849 displicentiam
685 813 709 838 ac
722 801 815 837 dolorem
826 801 873 838 inde
889 803 959 839 conci·

150 861 207 907 piant
219 866 240 896 et
252 872 264 896 a
274 861 320 895 Deo
331 859 413 894 veniam
424 860 540 905 postulent,
552 859 672 896 renovando
683 870 759 902 rursus
770 860 900 907 praecedens
912 871 959 908 pro-

150 918 241 968 positum
253 918 277 956 de
289 929 329 955 non
340 916 502 967 blasphemando
515 930 539 957 ac
555 924 634 962 temere
648 917 746 969 jurando.
763 919 805 956 Pro
817 918 878 970 liujus
890 925 959 959 autem

151 980 253 1034 propositi
268 980 342 1033 majori
360 980 459 1022 firmitate
475 981 526 1022 utile
541 982 582 1023 erit
600 982 721 1037 injungere,
739 989 771 1030 ut,
789 984 959 1037 quotiesquisin

152 1059 176 1083 11
193 1046 278 1096 linguae
296 1054 385 1095 peccata
402 1045 499 1094 relapsus
518 1046 599 1091 fuerit,
622 1046 685 1084 toties
702 1046 851 1095 poenitentiam
866 1047 959 1097 aliquam

152 1112 224 1156 sponte
237 1112 341 1150 assumat,
354 1106 426 1159 'qualis
438 1112 505 1150 esset,
523 1107 677 1154 eleemosyn-am
689 1107 747 1151 dare,
760 1106 866 1154 jejunare,
883 1107 959 1151 oratio-

150 1177 195 1200 nem
209 1165 298 1212 aliquam
309 1164 412 1200 recitare:
429 1165 524 1211 Denique
542 1167 565 1209 1)
583 1177 630 1200 cum
642 1165 750 1201 contraria
762 1171 863 1208 curentur
876 1171 959 1202 eontra-

150 1223 198 1268 riis,
216 1234 289 1260 nornen
307 1223 349 1260 Dei
360 1221 494 1273 blasphemiis
507 1235 532 1261 ac
544 1224 665 1261 temerariis
677 1223 805 1274 J'uramentis
820 1223 959 1263 debonestare

151 1284 230 1334 solitis,
248 1285 328 1327 utiliter
347 1285 454 1327 admodum
475 1286 646 1339 praescribetur,
663 1294 687 1328 ut
709 1287 800 1329 interius
825 1290 960 1342 exteriusque

150 1351 272 1401 frequenter
285 1353 375 1389 offerant
385 1351 431 1389 Deo
443 1351 526 1396 laudes,
539 1352 647 1390 recitando
657 1364 678 1389 e.
688 1364 709 1402 g.
721 1352 834 1400 psalmum:
852 1353 959 1391 „Laudate

148 1411 398 1456 1)(1111111111111111111*1
415 1412 448 1448 vel
464 1411 585 1449 Canticum:
603 1411 740 1459 „Benedicite
756 1412 824 1449 omnia
836 1424 899 1460 opera
916 1413 959 1449 Do-

151 1472 201 1506 mini
218 1471 331 1513 Domino“,
353 1471 399 1507 vel:
420 1472 465 1516 „Te
484 1472 552 1507 Deum
571 1472 679 1506 laudamus
685 1473 707 1515 ;“
723 1464 775 1506 item¹
797 1471 822 1506 ad
838 1471 900 1506 finem
923 1482 958 1506 cu-

146 1528 222 1578 jusque
249 1528 350 1566 orationis
368 1528 490 1566 Dominicae
510 1535 545 1567 aut
563 1529 679 1580 angelicae
702 1528 840 1566 salutationis
863 1528 959 1568 dicendo:

153 1589 242 1633 „Gloria
252 1589 311 1631 Patri
326 1590 409 1631 1111111
429 1598 450 1633 et
465 1590 555 1645 Spiritui
567 1598 651 1642 sancto,
670 1599 705 1634 aut
717 1592 858 1644 „Benedictus
870 1594 929 1634 Deus
940 1593 960 1633 11

153 1659 283 1702 aeternum“‚
299 1657 349 1694 item
364 1656 458 1695 Litanias
473 1658 497 1695 de
511 1657 552 1695 SS.
564 1657 651 1696 Nomine
663 1658 716 1696 Jesu
732 1670 779 1696 cum
792 1658 838 1695 aliis
850 1658 959 1708 precibus,

152 1730 204 1766 quae
216 1718 295 1765 passim
307 1717 399 1765 scriptae
411 1718 518 1767 leguntur.

453 1829 537 1884 Contra
556 1831 665 1884 acediam.

226 1957 303 2014 §.194⁴
316 1962 395 2000 Acedia
407 1962 492 2012 ignavia
504 1968 537 1999 est
549 1968 569 1999 et
581 1961 684 2013 segnities
697 1961 760 2000 animi
772 1961 796 2000 ad
808 1962 860 1999 benc
873 1973 959 2011 111111-

152 2024 210 2067 dum,
229 2022 319 2059 taedium
332 2028 353 2058 11
365 2022 485 2074 111111111111
497 2023 561 2059 rebus
573 2022 725 2069 spiritualibus.
744 2022 795 2058 Cum
807 2022 900 2058 senserit
912 2034 960 2059 con-

151 2082 255 2117 fessarius
267 2081 407 2128 poenitentem
418 2080 439 2115 11
451 2080 490 2116 hoc
502 2081 544 2116 labi
553 2086 663 2127 peccatum
676 2080 779 2127 coepisse,
790 2080 861 2127 illique
873 2086 960 2126 peceato

147 2139 192 2186 J'am
204 2138 294 2177 deditum
307 2149 365 2183 esse,
377 2138 455 2188 poterit
466 2138 601 2198 sequentibus
613 2137 712 2176 remediis
724 2130 782 2189 opem
794 2138 860 2176 ferre.

225 2203 253 2243 nt
271 2200 351 2256 quidem
368 2198 393 2252 1)
411 2200 555 2243 confessarius
572 2201 669 2244 acedioso
687 2201 784 2257 injungat
801 2202 922 2255 frequentes
941 2209 962 2242 et

152 2268 220 2306 serias
240 2266 420 2306 considerationes
440 2267 463 2305 de
481 2268 527 2305 Deo
546 2274 566 2305 et
584 2267 659 2305 divinis
678 2266 854 2318 perfectionibus,
871 2266 960 2305 maxime

152 2329 204 2373 illis,
222 2341 274 2377 quae
292 2329 316 2365 ad
335 2340 427 2365 amorem
445 2328 514 2377 magis
526 2340 612 2365 movere
624 2329 702 2371 solent,
720 2333 743 2363 ut
754 2333 812 2363 suut:
829 2326 910 2363 infinita
920 2327 962 2363 Dei

152 2387 233 2422 bouitas
246 2393 267 2421 et
277 2386 420 2433 pulchritudo,
437 2398 476 2422 111
492 2397 532 2422 111
546 2387 660 2422 immensus
675 2386 721 2432 ejus
736 2386 757 2421 in
771 2396 810 2421 nos
822 2396 894 2428 amor;
911 2386 961 2420 item

153 2443 177 2481 de
189 2445 318 2494 repromissa
333 2443 420 2483 coelesti
435 2443 504 2497 gloria
519 2443 654 2496 perfectaque
668 2443 805 2496 possessione
816 2443 865 2483 boni
875 2442 961 2491 11111111,

153 2520 192 2560 quo
205 2514 248 2552 tota
260 2508 384 2549 aeternitate
396 2509 456 2562 plene
468 2509 598 2557 satiabimur,
618 2516 639 2549 et
650 2509 710 2561 cujus
721 2516 861 2563 praegustum
873 2508 962 2561 aliquem

153 2572 245 2610 delibare
257 2572 290 2611 hic
302 2574 371 2611 solent
383 2574 463 2611 animae
475 2575 543 2611 Deum
555 2579 655 2611 11111111,

226 2629 253 2678 2)
269 2634 383 2670 Mouendus
402 2640 435 2671 est
445 2635 554 2682 poenitens
567 2634 688 2676 acediosus,
705 2638 728 2669 ut
740 2632 821 2669 cunctis
840 2633 960 2670 considera·

152 2692 244 2727 tionibus
262 2690 361 2739 adjungat
372 2692 479 2728 orationes
491 2692 610 2735 ferventes,
627 2691 728 2733 humiles,
744 2691 853 2727 fiduciales
865 2702 895 2736 ,11
905 2702 961 2739 ,per-

152 2754 287 2794 severanus,
306 2749 378 2801 quibus
390 2764 402 2789 a
414 2750 495 2802 Spiritu
507 2751 587 2791 Sancto
600 2750 693 2809 obtineat
703 2750 798 2791 internas
810 2750 902 2806 gratias,
915 2762 961 2791 eas-

153 2828 192 2867 que
204 2815 304 2856 efficaces
317 2814 342 2854 ad
353 2816 470 2865 praefatam
481 2817 617 2857 mutationem
628 2816 771 2857 necessarias.
789 2816 828 2856 eui
845 2817 882 2857 fini
896 2816 962 2857 111111-

152 2891 185 2917 me
197 2879 315 2919 conducent
325 2879 402 2916 breves
413 2880 520 2918 orationes
528 2880 668 2929 jaculatoriae
681 2879 757 2934 crebro
769 2892 806 2929 per
818 2880 872 2919 diem
884 2878 961 2929 repeti-
