2056 3193
119 71 165 116 200

120 187 221 237 mysteria
233 187 313 224 animae
324 185 370 234 piae
382 185 470 222 nondum
482 187 612 236 penetravit,
629 187 674 224 sine
686 188 768 232 fructu,
786 187 804 225 si
822 199 862 224 non
881 201 927 226 curn

121 250 246 288 detrimento
258 245 348 295 imponi?
366 244 423 293 Quae
435 247 575 295 poenitentem
588 246 701 284 tenerioris
714 249 855 287 eonscientiae
868 260 926 297 quani

120 309 304 349 vehementissime
316 313 407 351 movent,
419 307 491 345 rudem
504 315 525 346 et
536 310 613 351 levem,
626 308 660 356 qui
671 308 753 356 pulchri
763 310 852 359 bonique
863 322 926 347 sensu

122 370 249 412 destituitur,
262 379 326 416 saepe
339 373 373 404 aut
386 380 458 417 parum
470 376 506 406 aut
518 368 566 405 nihil
579 368 679 404 afficiunt,
693 367 864 415 Satisfaetiones,
876 382 927 420 quae

122 430 198 469 bomini
210 428 272 465 animi
283 428 381 472 levioris,
400 428 456 466 vitae
468 429 553 466 delicias
566 434 645 466 terucre
658 434 678 465 et
692 429 810 467 inconsulto
828 431 928 476 sectanti,

122 489 233 529 utilissime
251 489 380 532 inserviunt,
403 490 432 533 ci,
452 490 483 539 qui
503 489 582 539 ingenii
600 489 702 526 tristioris
721 490 866 541 aegriorisque
885 498 928 536 est,

121 551 204 589 minime
217 555 311 599 prosunt.
335 548 372 587 Sic
384 549 544 594 urelancholico,
564 549 597 599 qui
609 550 660 598 proh
672 549 741 587 dolor!
759 550 847 588 nefando
863 551 929 589 molli-

122 611 159 649 tiei
171 611 257 648 crimine
270 623 293 647 se
305 609 391 647 foedare
403 617 550 654 consueverat,
563 617 584 647 et
595 610 692 648 demissis
706 611 868 661 cogitationibus
881 611 929 649 soli-

122 672 188 710 tudini
202 671 307 714 inhacret,
327 670 395 707 ruiindi
413 671 480 707 taedio
496 677 579 720 captus,
598 671 767 708 consuetudinem
783 684 828 710 eum
844 672 930 710 homini-

122 734 171 777 bus,
184 732 217 782 qui
230 731 291 769 hilari
303 743 418 780 serenaque
430 738 499 769 mente
511 732 613 782 gaudent.
629 732 750 781 prohibere,
763 745 802 769 uon
815 732 881 769 minus
893 733 930 770 im·

122 794 213 844 prudens
226 798 292 837 esset,
311 804 369 841 quam
383 792 401 828 si
413 792 505 837 nudicri,
523 805 575 841 quae
587 793 611 830 ob
623 793 686 830 vitam
699 793 795 830 licentius
808 799 876 831 aetam
888 806 930 831 nia·

122 855 178 893 xinie
191 853 251 892 anxia
264 852 366 892 conthiuis
379 853 450 904 agitur
462 853 574 903 scrupulis,
588 854 663 892 crebra
674 866 787 903 poenarum
799 854 931 892 infernalium

123 915 229 955 meditatio
241 915 394 965 injungeretur.

197 975 289 1013 Maxime
300 987 351 1013 vero
363 976 383 1012 in
396 975 541 1014 satisfactione
556 989 592 1025 pro
609 976 677 1014 indole
693 976 818 1026 poenitentis
831 977 931 1026 aptanda,

125 1038 216 1088 ejusdem
233 1037 347 1088 dispositio
367 1036 492 1074 attendenda
507 1037 569 1075 venit.
592 1038 675 1075 Rituale
687 1038 808 1075 Vienueusc
824 1038 931 1087 expressis

124 1099 195 1138 verbis
208 1104 285 1143 mouet,
303 1104 326 1135 ut
338 1098 482 1136 confessarius
494 1098 564 1136 habita
576 1099 657 1137 ratione
670 1099 813 1148 dispositionis
825 1100 932 1149 poeniteu-

124 1161 175 1199 tium
188 1160 353 1198 satisfactionem
365 1159 467 1209 injungat.
492 1160 516 1197 Si
528 1160 581 1197 enim
594 1160 701 1209 poenitens
713 1160 776 1197 animi
787 1160 860 1198 mutati
871 1161 933 1211 signa

124 1222 177 1259 haud
190 1220 251 1259 dubia
266 1220 345 1270 prodit,
364 1220 453 1258 sceleris
465 1233 483 1258 e.
496 1233 517 1272 g.
530 1220 610 1259 adsueti
622 1221 733 1260 occasione
747 1220 832 1270 jamjam
845 1221 932 1267 evitata,

124 1306 154 1311 -
166 1284 219 1321 bono
238 1288 336 1332 smrepto
350 1281 436 1330 Jamjam
455 1282 564 1328 restituto,
577 1305 605 1311 -
618 1282 771 1321 obtrectatione
788 1290 897 1328 revocata,
915 1283 934 1321 si

124 1357 221 1397 magnam
239 1343 301 1381 habet
316 1343 462 1381 contritionem
478 1344 592 1390 adomnia,
612 1357 663 1395 quae
677 1344 701 1382 ad
719 1345 751 1382 sui
770 1345 934 1384 emendationem

125 1405 250 1445 necessaria
258 1411 388 1456 reputantur,
397 1405 531 1456 suscipienda
542 1413 639 1455 pa1=atus;
647 1406 666 1444 si
677 1406 813 1444 interioribus
826 1407 933 1446 conscien-

126 1469 168 1507 tiae
186 1467 258 1519 poenis
275 1473 296 1505 et
311 1467 416 1517 scrupulis
433 1467 534 1519 agitatur,
553 1474 573 1506 et
587 1468 697 1519 plurimum
714 1480 751 1506 sua
763 1475 836 1518 sponte
849 1469 934 1507 adnisus

127 1537 169 1576 est,
187 1536 210 1568 ut
220 1530 266 1568 Deo
278 1528 425 1568 satisfaceret:
443 1535 492 1568 tunc
504 1530 598 1579 profecto
610 1530 721 1580 prudentia
732 1530 835 1580 postulat,
853 1537 875 1569 ut
886 1530 934 1570 huic

126 1605 166 1631 non
179 1598 236 1630 tauta
251 1591 387 1643 injungantur
399 1603 462 1641 opera
478 1591 622 1632 satisfactoria
640 1591 736 1642 poenalia
753 1598 774 1630 et
792 1592 934 1639 medicinalia,

128 1661 204 1707 quauta
215 1654 256 1700 illi,
275 1654 309 1704 qni
324 1653 412 1691 nondum
429 1654 537 1704 quidquam
549 1654 664 1704 praestitit,
678 1667 716 1704 quo
729 1654 865 1693 satisfaceret
875 1656 934 1700 De03

127 1716 161 1768 qui
180 1716 262 1754 mollem
280 1715 337 1753 ducit
354 1715 417 1753 vitant
436 1715 497 1753 nullis
514 1715 581 1754 ferme
599 1716 741 1755 conscientiae
756 1716 846 1754 stimulis
864 1723 934 1762 actus3

128 1778 162 1829 qui
173 1778 206 1816 vel
218 1777 300 1815 omnino
312 1776 386 1826 paucis
399 1776 473 1816 abhinc
486 1777 568 1823 diebus,
588 1784 608 1815 et
623 1790 647 1815 ea
663 1778 734 1816 forsan
750 1777 775 1815 de
787 1790 852 1817 causa
863 1792 876 1816 a
886 1790 935 1828 pee-

128 1840 181 1880 catis
198 1839 307 1883 abstinuit,
331 1838 383 1889 quod
401 1850 454 1877 rrnnc
474 1838 628 1878 confessionem
647 1839 718 1878 faeere
736 1839 777 1877 sibi
794 1839 934 1891 proposuerit.

128 1900 186 1949 Quae
197 1906 265 1938 tuition
278 1900 353 1952 regula
369 1899 430 1937 etiam
450 1900 592 1950 exceptionem
611 1901 696 1950 patitur,
714 1906 737 1938 ut
754 1900 837 1939 scilicet
853 1900 935 1938 ferven-

128 1963 177 2001 tiori
189 1961 263 2010 major,
276 1961 371 2013 segniori
382 1967 450 1999 autem
459 1964 496 2009 [ne
508 1962 571 1999 linum
584 1962 689 2013 fumigans
702 1961 857 2013 extinguatur),
869 1961 936 2001 minor

127 2023 256 2075 poenitentia
268 2022 349 2075 injungi
360 2023 427 2073 possit
440 2030 461 2061 et
473 2023 552 2061 debeat.

129 2143 284 2214 congruentia
296 2142 465 2197 satisfactionis
479 2159 530 2196 curu
544 2143 672 2197 conditione
686 2143 821 2212 poenitentis
835 2147 935 2197 externa.

203 2269 220 2323 ξ.
236 2266 286 2309 143.
299 2270 361 2309 Sicut
372 2276 440 2308 autem
453 2270 525 2309 sedula
536 2270 612 2308 indolis
623 2269 749 2320 poenitentis
761 2269 856 2308 internae
869 2269 936 2308 eonsi-

130 2333 209 2371 deratio
222 2332 297 2378 efficit,
316 2338 339 2370 ut
350 2344 414 2382 opera
426 2331 571 2370 satisfactoria
583 2331 624 2370 alia
635 2331 682 2369 aliis
693 2337 736 2369 tum
753 2330 819 2381 quoad
835 2330 937 2381 quantita-

130 2402 171 2433 tem
189 2401 232 2433 tum
250 2393 317 2444 quoad
336 2393 455 2444 qualitatem
474 2394 650 2439 determinentur,
668 2394 698 2432 ita
716 2392 795 2442 pariter
813 2395 937 2445 respectus,

131 2468 189 2505 quem
207 2455 317 2506 prudentia
333 2455 464 2494 commendat
475 2461 496 2494 et
506 2455 619 2505 praecipit,
639 2454 669 2493 cd
682 2456 815 2506 poeniteatis
831 2454 937 2493 conditio·

130 2529 180 2555 nem
191 2521 307 2556 caeternum
318 2517 338 2555 iu
351 2516 543 2555 determinationem
556 2516 708 2555 satisfactionis
719 2515 793 2554 influit.
805 2516 882 2554 Merito
890 2514 938 2554 hinc

130 2578 226 2630 regulam
245 2579 367 2623 statuimus,
386 2585 408 2617 ut
426 2578 545 2617 satisfactio
564 2577 676 2617 conditioni
693 2577 820 2628 poenitentis
839 2584 938 2616 externae

132 2652 252 2691 congruens
264 2641 374 2692 seligatur.
393 2640 450 2678 Unde
462 2640 545 2679 Rituale
558 2639 678 2678 Viennense
690 2646 748 2678 recte
761 2645 839 2677 monet:
857 2639 938 2688 „injun-

131 2709 170 2755 gat
181 2701 324 2741 confessarius
337 2702 486 2741 convenienter
498 2701 665 2740 satisfactionem
683 2701 753 2739 habita
770 2700 852 2739 ratione
870 2707 938 2739 status

131 2771 152 2803 ct
164 2762 296 2807 conditionis,
309 2776 372 2802 sexus
384 2770 404 2801 et
417 2764 493 2801 aetatis
505 2763 674 2813 poenitentiuni.”
687 2764 770 2801 Itanon
781 2762 879 2814 injunges
890 2774 939 2812 poe-

131 2826 205 2865 nitenti
216 2825 244 2870 id,
253 2824 306 2875 quod
317 2825 388 2864 facere
400 2837 439 2863 uon
452 2832 528 2875 potest,
537 2837 556 2862 v.
566 2838 586 2876 g.
597 2831 617 2862 ut
629 2824 783 2869 filiusfamilias,
795 2824 938 2874 quipeculium

131 2900 170 2926 non
189 2887 262 2933 habet,
282 2886 386 2938 largiatur
404 2887 560 2937 eleemosynas,
585 2909 613 2914 -—
633 2886 666 2924 vel
686 2886 738 2937 quod
754 2891 824 2935 potest
838 2885 939 2925 valetudi-
