2017 3193
850 106 892 151 185

85 224 164 268 luntas,
176 234 224 259 sese
236 222 370 268 emendandi,
383 236 408 261 an
420 228 500 260 tantum
512 224 619 269 velleitas,
633 224 667 262 vel
678 230 748 262 utrum
760 222 892 271 propositum

86 284 114 321 sit
124 283 207 321 firmum
222 283 356 329 censendum,
371 296 410 322 nec
422 295 455 320 ne.
475 281 605 332 Quapropter
621 284 700 330 videat,
715 296 764 321 num
782 282 891 331 poenitens

87 346 110 391 a]
122 344 183 381 firma
193 348 262 380 mente
274 343 373 382 decernat
384 342 549 381 emendationem
561 355 629 388 suam,
642 356 667 381 an
680 344 804 394 simpliciter
815 343 891 392 imper-

86 403 147 442 fectis
166 403 328 452 loquutionihus,
344 418 362 442 v.
383 417 404 455 g.
420 404 505 447 vellem,
523 404 607 451 placeat
621 410 659 440 etc.
678 406 812 453 polliceatur,
830 416 891 441 oeca-

86 465 166 502 sionem
176 464 277 513 peccandi
286 466 364 510 vitare,
381 476 469 514 pravam
481 463 651 501 consuetudinem
663 466 775 502 contrariis
785 466 836 503 vitio
848 464 891 502 vir·

86 525 164 563 tutibus
189 525 304 572 eradicare,
321 526 410 575 injurias
433 526 504 562 illatas
523 524 654 568 condonare,
679 531 699 561 et
716 526 829 571 resarcire,
846 538 891 563 rem

87 586 175 625 alienam
186 587 299 627 restituere
312 595 351 627 etc.
364 588 388 635 h]
400 588 454 625 Num
462 585 549 636 jamjam
560 585 690 636 propositum
702 594 828 642 exsequutus
847 588 891 626 fue·

86 649 124 695 rit,
141 650 174 688 vel
193 651 322 690 exsecutioni
340 656 437 689 conatum
454 649 561 701 praebeat.
580 648 604 687 si
623 654 715 687 autemc
733 650 839 688 contrario
853 663 891 689 nec

86 725 127 751 una
144 711 217 751 harum
233 713 390 763 dispositionum
410 718 509 763 apparet,
527 712 564 750 sed
581 711 651 762 potius
668 711 764 749 immanis
789 713 891 750 scelerum

87 775 180 813 cumulus
193 776 280 813 affertur
292 776 337 813 sinc
349 775 427 813 doloris
439 787 503 813 sensu
515 774 604 824 nihilque
617 773 729 824 cogitando
742 773 766 810 de
778 779 836 811 tanta
848 786 892 811 sar-

88 836 134 875 cina
146 836 269 875 excutienda
281 843 316 875 aut
327 836 447 882 minuenda,
465 836 510 886 quis
523 837 651 874 voluntatem
663 836 726 873 talem
738 835 834 873 censebit
846 847 893 872 esse

87 898 405 948 efficaoenr‚«q11aenecuuicum
417 898 507 948 applicat
518 897 607 935 medium
616 897 641 934 ad
653 897 820 947 consequendum
835 909 894 934 suum

86 961 165 998 finem?
183 959 308 998 inveritate
327 959 375 996 talis
392 955 431 998 uon
447 961 509 997 affert
526 958 655 1008 propositum
676 958 778 996 marmori
794 958 893 1002 incisum,

87 1022 124 1059 sed
135 1034 160 1059 ne
174 1021 263 1073 argillae
275 1020 355 1070 quidem
368 1026 403 1057 aut
415 1034 493 1065 cerae,
509 1032 583 1058 verum
595 1032 660 1069 aquae
672 1020 804 1070 inscriptum.

161 1082 213 1130 Quid
225 1081 244 1118 si
254 1081 363 1130 poenitens
371 1081 562 1129 jamconfessionis
573 1088 667 1130 tempore
675 1081 695 1118 in
703 1087 813 1130 peceatum
828 1093 894 1132 grave

87 1144 212 1192 relapsurus
229 1142 395 1191 praevideatur?
415 1142 439 1181 Si
450 1142 590 1180 tantummodo
603 1142 747 1180 confessarius
764 1141 895 1191 praevideat,

87 1204 128 1241 tale
140 1202 268 1252 propositum
289 1202 422 1251 poenitentis,
439 1203 486 1241 dum
502 1203 567 1240 eidem
585 1215 608 1239 se
624 1202 690 1247 sistit,
708 1202 840 1240 nihilominus
858 1202 894 1239 fir-

87 1275 143 1300 mum
155 1269 176 1299 et
193 1263 269 1300 efficax
281 1275 328 1299 esse
340 1263 424 1310 poterit,
435 1265 476 1300 Ast
487 1263 506 1298 si
520 1263 628 1310 poenitens
645 1262 690 1310 ipse
709 1263 733 1299 de
752 1263 894 1299 emendatione

88 1336 127 1361 sua
139 1322 247 1371 desperat,
263 1322 319 1359 illam
337 1322 407 1371 utiquc
419 1336 485 1372 neque
498 1322 613 1360 decernere
624 1321 712 1371 poterit3
729 1322 776 1359 fieri
794 1322 847 1359 enim
859 1335 894 1359 ne·

89 1383 144 1434 quit,
161 1389 184 1421 ut
202 1383 247 1432 quis
259 1382 309 1421 illud
327 1382 416 1421 firmiter
435 1383 475 1421 sihi
486 1389 599 1432 proponat,
620 1382 679 1431 cujus
699 1382 824 1432 assequendi
839 1383 895 1420 nulla

87 1445 128 1495 ipsi
139 1457 188 1495 spes
200 1444 295 1495 affulget,
306 1445 404 1482 Attamen
422 1445 484 1483 etiam
496 1442 547 1482 solo
558 1443 673 1495 foronido,
687 1444 711 1482 de
723 1456 775 1482 novo
794 1443 896 1494 peccandi

88 1518 134 1546 oum
146 1506 245 1544 firmitate
253 1506 355 1557 propositi
362 1506 443 1545 omnino
452 1505 628 1557 componipotest.
640 1506 790 1545 Necessarium
802 1505 895 1556 equidem

87 1581 127 1608 non
140 1575 179 1615 ost,
191 1574 214 1607 ut
226 1568 271 1620 quis
282 1581 407 1620 persuasum
419 1569 460 1608 sihi
470 1568 554 1615 habeat)
566 1581 637 1607 senon
648 1575 786 1619 peccaturum
800 1568 895 1619 ampliuS,

88 1632 135 1684 quia
152 1631 192 1672 hoc
208 1631 309 1682 dependet
321 1645 346 1671 ex
361 1639 437 1671 eventu
452 1632 533 1677 futuro,
551 1638 572 1671 et
583 1638 616 1670 est
634 1638 694 1671 actus
711 1631 842 1677 intellectus,
859 1630 896 1669 sed

88 1695 140 1733 satis
153 1701 195 1740 111,
213 1707 253 1732 non
264 1696 317 1733 velle
325 1695 428 1746 deinceps
439 1695 519 1733 iterare
532 1695 657 1740 commissa;
675 1695 727 1746 quod
739 1701 772 1733 111
788 1701 848 1734 actus
859 1706 895 1732 vo-

87 1757 185 1803 luntatis,
202 1756 237 1807 qui
248 1757 350 1807 dependet
362 1770 373 1794 a
384 1758 492 1807 praesenti
503 1763 603 1807 tempore.
617 1757 680 1795 Tales
693 1763 762 1796 autem
774 1757 843 1806 parati
854 1756 896 1794 sint

88 1818 155 1858 media
165 1818 299 1868 praescripta
310 1819 381 1856 sedulo
395 1819 500 1864 adhihere,
518 1824 538 1856 et
550 1831 589 1869 quo
600 1818 728 1857 infirmiores
741 1831 764 1856 se
775 1824 858 1868 putant,
872 1830 895 1855 eo

87 1880 163 1929 majori
175 1892 221 1918 cum
233 1880 309 1919 fiducia
321 1880 346 1918 ad
357 1881 425 1918 Deum
437 1880 566 1931 confugiant.
581 1880 670 1919 „Virtus
681 1881 702 1925 in
714 1879 836 1918 infirmitate
848 1892 895 1929 per-

88 1941 171 1987 ficitur;
185 1955 231 1980 cum
242 1941 350 1987 infirmor,
364 1947 412 1981 tunc
424 1948 498 1992 potens
510 1954 570 1981 sum„
579 1939 605 1989 ¹).
619 1942 692 1980 „Deus
704 1941 802 1991 superbis
817 1941 898 1992 quidem

88 2002 182 2048 resistit,
200 2002 313 2041 humilibus
326 2009 394 2041 autem
407 2003 442 2041 dat
455 2002 559 2054 gratiam’⁷
570 2001 596 2050 ²).

351 2121 353 2124 ’
385 2121 494 2188 Ejusdem
508 2122 603 2177 eversio.

162 2245 179 2299 ξ.
194 2242 243 2286 129,
256 2247 337 2285 Bonum
344 2248 516 2296 propositumvel
528 2246 640 2286 ordinariis
648 2247 797 2285 tentationibus
809 2248 896 2299 langue-

88 2321 149 2346 scere
161 2321 185 2346 ae
197 2307 314 2353 debilitari,
331 2308 364 2345 vel
377 2308 563 2353 extraordinariis,
580 2314 638 2357 puta,
654 2307 806 2346 vehementiori
819 2309 898 2358 impetu

88 2370 159 2420 frangi
170 2375 246 2418 potest.
259 2370 328 2407 Tanta
340 2375 372 2406 est
384 2369 438 2406 enim
450 2369 557 2420 fragilitas
572 2369 675 2414 humana,
692 2375 716 2406 ut
727 2369 813 2407 decreta
836 2370 898 2407 etiam

87 2430 209 2468 firmissima
226 2431 285 2479 lapsu
304 2429 404 2479 temporis
423 2430 492 2481 magis
511 2430 620 2481 magisque
637 2430 785 2481 languescant.
804 2431 898 2468 Alterius

88 2497 156 2528 autem
168 2491 255 2541 generis
263 2492 379 2539 exemplum
393 2488 493 2528 habemus
500 2490 521 2527 in
528 2491 592 2528 Petro
604 2488 737 2538 Apost010³].
750 2491 831 2528 Verum
844 2492 898 2528 eninr

87 2563 137 2588 vero
151 2551 172 2588 in
184 2550 223 2588 hae
235 2563 259 2587 re
270 2550 374 2600 plurinum
387 2550 478 2588 interest
490 2550 621 2601 distinguere
636 2549 800 2588 inbecillitatem
813 2552 837 2588 ah
850 2564 897 2589 occ-

88 2608 125 2645 dio
136 2614 158 2648 et
167 2612 264 2659 ipnocic,
281 2623 332 2661 quas
345 2610 471 2649 confessarii
482 2623 544 2660 saepe
564 2610 698 2650 confundunt.
713 2610 811 2649 Infirmus
824 2624 849 2648 ea
860 2624 897 2663 ag-

88 2669 184 2718 greditur
196 2671 277 2718 media,
295 2685 347 2723 quae
359 2672 482 2711 necessaria
493 2678 551 2718 sunt,
564 2678 595 2718 et,
613 2671 631 2710 si
642 2671 775 2711 nihilominus
787 2672 898 2717 relabitur,

86 2728 159 2767 infelix
178 2733 278 2771 duntaxat
290 2740 332 2779 111,
350 2746 389 2776 non
402 2746 490 2780 nocens,
508 2733 643 2772 miseratione
658 2733 734 2786 dignus
747 2740 793 2779 est,
811 2747 850 2772 non
863 2747 897 2783 op-

86 2790 178 2842 prolu'io¹
196 2795 262 2835 Inerti
272 2809 323 2836 vero
336 2803 357 2836 et
368 2796 429 2850 pigro
441 2809 480 2836 non
493 2796 568 2837 desunt
578 2797 633 2836 bona
645 2796 755 2836 desideria.
772 2795 897 2836 „Desideria

84 2883 257 2893 ——-———-.

113 2929 128 2970 ¹)
137 2928 161 2962 lt.
171 2928 216 2962 Gor.
223 2929 267 2963 XII.
277 2935 295 2965 9.
305 2951 328 2957 -
338 2934 473 2975 ²)1.Petr.v.
483 2935 500 2967 5.
512 2952 535 2958 -
544 2935 560 2975 ³)
569 2933 617 2967 Luc.
625 2934 686 2968 XXII.
695 2935 724 2967 23.
