2056 3193
127 72 157 117 28

130 191 171 229 zeli
184 191 310 230 conditiones
320 188 399 226 refert:
414 190 502 228 „Zelum
517 196 575 228 tuum
586 189 701 230 inflammet
715 191 814 237 charitas,
829 191 929 230 informet

130 253 226 299 seientia,
238 253 305 291 firmet
316 250 440 289 constantia.
458 251 491 289 sit
503 251 602 296 fervidus,
618 252 646 289 sit
663 254 837 304 circumspectus,
856 254 884 292 sit
897 254 929 292 in-

129 314 206 361 victus,
218 325 255 351 nee
266 318 359 360 teporem
371 324 411 350 non
422 312 496 351 habeat
507 324 546 351 nee
559 319 631 351 careat
642 314 776 362 discretione,
791 328 830 354 nec
844 313 929 353 timidus

131 376 171 413 sit⁵³
187 366 211 422 ί),
223 379 243 411 et
255 372 313 410 alibi:
327 374 405 412 „Zelus
418 374 494 423 absque
507 374 603 419 scientia,
615 373 662 412 dum
673 377 774 425 prodesse
787 376 883 422 festinat,
898 377 929 414 in·

130 436 212 474 venitur
223 434 297 472 obesse
311 432 337 482 2).
351 433 450 482 Quoniam
462 441 530 472 autem
542 435 670 473 descientia
682 444 703 475 et
710 439 832 488 prudentie
839 438 883 487 jam
895 450 930 476 su·

130 509 167 547 pra
179 494 266 546 egimus,
278 496 360 533 nonnisi
370 496 462 545 reliquas
473 495 507 535 hic
520 508 705 535 commemoramus
719 498 785 546 dotes,
803 512 854 550 quae
867 500 929 537 etiam

130 565 233 606 tamquam
245 557 348 607 speciales
359 557 449 595 virtutes
460 557 481 594 in
494 557 623 596 confessario
635 558 778 609 requiruntur.
791 562 930 599 Numeratur:

201 620 224 666 a]
236 617 361 657 sollicitudo
374 619 497 669 otior-tuate,
511 631 563 668 quae
580 620 672 658 acediam
688 632 728 658 non
743 622 793 668 fert,
808 635 848 660 non
862 622 932 672 parcit

130 692 218 730 operae,
235 693 276 719 non
293 680 353 717 timet
367 680 483 729 periculum
503 680 599 720 „laborat
611 694 675 732 usque
693 682 718 720 ad
732 683 816 721 uincula
825 681 851 731 3),
864 684 932 722 onmia

130 748 206 789 tentat,
221 742 287 780 minus
304 741 415 779 accedente
433 741 545 779 tentamine
564 742 603 779 alio
621 743 675 781 aliud
691 743 800 795 ingeniose
817 746 931 796 excogitat,

130 815 197 853 neque
208 815 296 853 unquam
308 802 433 840 deterretur.
445 803 532 841 Miraris
545 815 645 841 summam
656 805 703 853 piae
715 805 790 842 matris
808 805 933 844 charitatem

132 871 153 902 et
164 864 321 903 sollicitudinem
333 873 385 914 erga
397 864 481 902 filiolum
493 876 552 902 suum
564 865 626 915 gravi
638 877 661 903 ao
673 865 744 904 lethali
761 866 833 904 morbo
850 867 932 905 decum-

131 927 223 971 bentem:
236 925 310 975 quietis
322 926 393 963 nescia
406 925 473 963 orrrnia
485 926 613 964 alleviationi
623 926 777 977 valetudinique
789 927 932 966 restituendae

133 995 180 1037 apta
191 986 257 1025 media
268 986 361 1036 inquirit,
372 992 460 1031 moeret,
472 987 599 1038 ingemiscit,
612 988 693 1025 eoelum
708 988 807 1037 precibus
820 989 886 1027 cuiuis
898 1001 932 1026 ro·

133 1056 177 1100 gat,
188 1055 211 1086 ut
222 1048 301 1086 saluum
313 1047 388 1093 uideat,
401 1060 460 1098 quem
472 1048 540 1099 diligit
551 1048 657 1086 infantem.
669 1051 700 1087 An
712 1050 933 1088 minorisollicitudine

132 1111 213 1148 feratur
225 1109 323 1147 sacerdos
334 1109 416 1146 Dei-
427 1109 527 1147 Viearius
539 1110 617 1151 amoris
630 1109 709 1147 Christi
721 1132 751 1138 -
763 1123 815 1161 erga
826 1112 933 1160 poeniten-

131 1179 173 1210 tem
185 1170 246 1222 gravi
255 1170 342 1207 vnlnere
354 1170 433 1207 animae
446 1171 576 1208 sauciatum?
593 1170 741 1209 Confessarius
759 1172 833 1209 salutis
846 1172 934 1209 aliorum

132 1232 237 1270 studiosus
249 1243 319 1269 omnes
331 1231 462 1280 amplectitur
474 1238 606 1281 peccatores,
619 1231 694 1268 divites
707 1244 771 1282 aeque
785 1245 809 1270 ac
820 1245 933 1282 pauperes,

131 1293 210 1331 nobiles
223 1299 243 1329 et
253 1291 357 1341 plebejos:
370 1292 414 1329 sine
423 1292 572 1343 defatigatione
585 1292 658 1329 nititur
672 1292 784 1330 extrahere
797 1293 821 1330 de
838 1294 933 1331 faecibus

131 1354 229 1398 terrenis,
242 1359 262 1390 et
274 1353 384 1392 sublevare
396 1353 421 1390 ad
432 1354 500 1391 Deum
509 1354 594 1397 animas,
607 1365 655 1391 sese
666 1354 824 1392 accouunodans
838 1366 933 1404 quorum-

132 1427 170 1464 que
181 1414 303 1459 infirmitati,
316 1414 370 1451 nullo
383 1415 504 1452 nauseantis
527 1415 588 1464 signo
605 1414 667 1459 edito,
684 1426 708 1452 ac
723 1415 850 1465 refugientis
869 1421 934 1452 attre-

132 1482 190 1514 ctare
201 1476 295 1513 vulnera.
309 1475 406 1520 „Atrion”
418 1475 484 1525 inquit
496 1475 518 1513 S,
528 1475 647 1527 Gregorius
659 1475 735 1520 lihesi
747 1482 786 1520 est,
798 1488 874 1527 magna
886 1488 933 1525 ope-

132 1544 202 1582 ratur3
215 1537 286 1586 quodsi
295 1537 379 1585 operari
387 1537 463 1580 renuit,
475 1548 532 1574 amor
543 1549 582 1574 non
591 1537 644 1574 est.’'

201 1598 227 1645 b]
238 1596 353 1635 Patientia
364 1601 387 1635 et
396 1597 549 1643 azansoetudo,
561 1609 613 1647 quae
626 1597 660 1635 ubi
668 1597 778 1643 defuerint,
791 1598 853 1648 longe
866 1598 933 1643 abest,

132 1666 155 1697 ut
164 1660 199 1696 vel
210 1658 378 1696 ardentissimum
390 1658 453 1696 saluti
465 1658 552 1696 aliorum
569 1658 703 1696 adlaborandi
721 1659 811 1696 studium
827 1659 935 1708 quidquam

132 1720 235 1771 proficiat,
246 1726 269 1756 ut
279 1719 347 1768 potius
360 1719 462 1757 frustrato
474 1719 515 1757 fine
526 1726 607 1757 noceat.
621 1720 728 1768 „liloyses
744 1720 785 1757 dux
802 1719 871 1768 populi
886 1720 934 1765 Dei,

134 1788 179 1819 erat
189 1781 311 1819 mitissimus
322 1781 355 1818 vir
367 1793 429 1829 super
437 1792 508 1818 omnes
514 1779 615 1825 homines,
622 1781 656 1830 qui
662 1780 822 1817 morabanturin
829 1781 899 1818 terra''
907 1777 935 1827 4).

133 1842 196 1880 Jesus
209 1842 307 1879 Christus
318 1842 382 1880 verbo
396 1847 417 1879 et
428 1842 520 1891 exemplo
532 1853 570 1879 nos
582 1840 690 1879 hortatur:
704 1841 800 1880 „Discite
813 1854 824 1878 a
836 1853 875 1885 me,
888 1842 936 1891 quia

134 1904 188 1941 mitis
200 1903 264 1941 sum.’⁷
277 1903 341 1940 'Pales
354 1909 414 1940 erant
428 1902 529 1951 Apostoli,
545 1914 596 1951 quos
614 1914 651 1939 suo
669 1902 744 1951 spiritu
762 1902 882 1951 repleverat
892 1903 934 1939 Do-

134 1964 206 2009 minus,
218 1971 240 2001 ut
252 1970 323 2000 essent
333 1971 430 2012 pastores
448 1964 568 2000 animarum.
586 1962 708 2007 „Fratres”
726 1962 801 2000 scribit
814 1962 935 2011 Apostolus,

136 2025 188 2063 „etsi
199 2030 363 2074 praeoccupatus
375 2023 439 2061 fuerit
450 2023 510 2062 homo
522 2024 542 2061 in
555 2024 622 2073 aliquo
635 2024 717 2068 delicto,
730 2035 767 2061 vos
785 2023 823 2073 quiv
838 2023 935 2072 spiritua·

133 2086 164 2123 les
180 2086 239 2131 estis,
258 2084 376 2134 hujusmodi
391 2085 489 2122 instruite
506 2086 526 2122 in
544 2085 619 2134 spiritu
634 2084 736 2128 lenitatis,
755 2083 901 2122 considerans
915 2088 936 2122 te

133 2148 213 2196 ipsum,
225 2159 252 2185 nc
264 2150 285 2184 et
296 2150 319 2185 tu
331 2146 433 2184 tenterte'
449 2143 474 2193 5).
486 2146 543 2184 Unde
556 2157 659 2184 memores
672 2156 719 2182 esse
732 2157 770 2183 nos
783 2151 865 2194 oportet
876 2157 936 2195 prae·

135 2207 189 2257 cepti
199 2208 322 2257 Apostolici:
335 2207 415 2245 induite
426 2219 465 2245 vos
477 2207 532 2245 sieut
544 2207 606 2245 electi
616 2207 657 2244 Dei
671 2206 756 2244 viscera
770 2206 936 2250 misericordiae,

133 2268 289 2319 benignitatem,
310 2267 456 2313 humilitatem,
474 2268 606 2313 modestiam,
623 2267 757 2317 patientiam'⁷
776 2263 803 2313 6).
824 2265 936 2306 „Charitas

134 2329 214 2380 patiens
226 2336 264 2375 cst,
275 2330 366 2381 benigna
379 2336 418 2374 est,
431 2341 471 2367 non
483 2329 572 2379 quaerit,
585 2342 637 2379 quae
649 2341 688 2367 sua
699 2334 757 2374 sunt,
774 2339 814 2364 non
831 2327 935 2374 irritatur,

134 2391 202 2442 potius
216 2392 282 2430 omnia
293 2391 380 2430 suffert”
398 2390 424 2439 ⁷).
441 2391 546 2429 Patientia
564 2398 584 2428 et
601 2389 759 2428 mansuetudine
776 2389 877 2427 sacerdos
894 2396 937 2428 tum

133 2452 244 2504 praecipue
254 2453 339 2506 indiget,
351 2453 386 2492 ubi
398 2467 444 2492 cum
454 2452 570 2492 horninibus
582 2451 666 2497 timidis,
678 2451 785 2500 scrupulis
797 2451 890 2503 agitatis,
901 2465 936 2490 ru·

134 2514 193 2553 dibus
207 2521 227 2552 et
236 2515 349 2561 inurbanis,
361 2516 382 2553 in
394 2515 551 2554 narrationibus
564 2513 608 2552 suis
621 2513 716 2563 prolixis,
729 2513 762 2551 vel
778 2513 862 2564 saepius
881 2514 935 2552 reei-

134 2576 194 2622 divis,
206 2576 246 2626 ipsi
258 2577 358 2628 agendum
370 2584 408 2616 est.
421 2578 476 2616 Prae
487 2576 574 2628 reliquis
587 2574 765 2615 consuetudinarii
773 2575 937 2625 compassionem

133 2644 248 2678 merentur.
259 2639 347 2677 Etiamsi
358 2639 442 2690 saepius
454 2651 512 2689 spem
528 2644 650 2688 conceptam
667 2636 827 2681 frustraverint,
844 2636 936 2686 ipsorum

134 2759 330 2770 .-.-----.

157 2801 173 2841 1)
187 2798 252 2832 Serm.
266 2799 296 2830 20.
309 2816 333 2822 -
345 2800 361 2839 2)
374 2800 403 2833 De
417 2807 507 2832 convers.
522 2797 544 2829 ad
559 2795 610 2829 Cler.
624 2804 642 2828 n⁴
656 2795 685 2828 38.
700 2812 724 2817 —
736 2796 752 2835 3)
763 2794 786 2826 ΙΙ.
797 2794 843 2827 Tim.
852 2796 876 2829 Il.
886 2799 904 2829 9.
913 2814 937 2820 ψ

181 2847 266 2894 4)ΔΝιιιη,
278 2845 321 2879 ΧΠ.
336 2850 353 2880 3.
370 2866 392 2871 —
408 2851 424 2889 ⁵)
438 2847 481 2882 Gal.
494 2847 526 2880 VI.
543 2848 558 2879 l.
572 2863 596 2869 -
609 2847 624 2887 θ)
640 2843 681 2878 Col.
694 2844 727 2876 ΙΙΙ.
745 2844 774 2876 12.
792 2862 815 2866 —
831 2846 847 2885 ⁷)
861 2845 876 2878 Ι.
892 2845 936 2878 Gor.

181 2897 233 2936 xm,
