2056 3193
156 92 200 134 102

107 199 109 201 ’
157 210 297 260 tranquillitas
309 209 371 252 redit,
384 218 432 255 spes
445 206 564 253 reviviscit,
583 208 662 245 animus
676 206 798 247 hilarescit⁵'
810 208 834 258 ¹).
859 211 961 248 „Tantum

157 271 236 308 relevat
250 268 353 308 confessio
366 267 472 314 delictum,
491 275 587 318 quantum
606 267 743 306 dissimulatio
762 278 886 323 exaggerat.
909 271 962 309 Gon-

157 331 222 369 fessio
234 329 286 367 enim
299 328 450 367 satisfactionis
460 329 567 367 consilium
576 334 615 372 est,
628 327 764 368 dissimulatio
774 331 928 370 contumaciae’'
936 330 962 378 ²).

158 391 263 439 „Quorum
274 396 363 438 peccata
374 389 484 428 humanam
502 389 596 427 notitiam
608 388 686 434 latent,
705 401 744 427 nee
757 391 781 428 ab
794 392 840 430 aliis
852 393 963 443 publicata,

156 455 175 489 st
187 463 213 489 ea
224 450 324 500 confiteri
336 457 372 489 aut
383 452 494 489 emendare
505 449 615 494 noluerint,
626 449 702 495 Deum,
721 462 781 500 quem
793 451 869 491 habent
880 461 963 499 testem,

155 513 221 561 ipsum
234 510 326 549 habituri
337 519 386 550 sunt
397 513 492 550 ultorem.
508 513 536 548 Et
548 510 595 560 quid
607 511 637 548 eis
649 511 746 560 prodest,
763 512 884 553 hiemantem
894 518 964 554 vitare

148 570 270 621 judicium,
285 585 330 611 cum
343 573 361 611 si
372 573 392 610 in
406 585 443 610 suo
455 572 508 610 malo
520 571 683 621 permanserint,
701 571 752 610 ituri
764 574 844 611 suntin
857 583 964 614 aeternum

154 632 200 670 Deo
212 633 318 671 tribuente
330 632 466 683 supplicium’⁷
476 630 502 679 ³).

205 761 318 830 Obligatio
333 760 469 814 confessarii
483 760 590 829 exigendi
604 760 771 815 confessionem
784 765 915 830 integram.

233 872 250 924 ξ.
264 869 299 911 69,
311 874 427 924 Integritas
440 872 612 910 confessionisin
625 885 648 910 eo
660 873 728 922 posita
740 880 779 919 est,
797 882 820 913 ut
832 879 906 914 ornata
916 890 964 927 pec·

157 941 203 972 cata
214 933 324 971 mortifera
335 945 375 971 non
390 933 409 971 in
423 945 516 983 genere,
535 933 572 970 sed
584 934 649 984 quoad
668 935 772 983 speeiem,
785 947 907 981 numerum,
925 950 966 976 una

157 1006 202 1032 cum
222 993 387 1031 circumstantiis
405 994 535 1031 necessariis
554 993 660 1031 sacerdoti
678 994 805 1043 aperiantur.
828 996 966 1048 Distinguunt

155 1055 300 1104 integritatem
312 1053 429 1102 duplicem,
447 1053 580 1090 materialem
592 1054 675 1091 scilicet
687 1054 837 1101 etf01·n1alem;
856 1057 914 1106 prior
933 1065 966 1095 est

157 1116 270 1164 adaequata
283 1114 372 1151 onmimu
384 1113 451 1163 plane,
464 1125 516 1163 quae
528 1113 574 1163 quis
583 1114 697 1159 commisit,
708 1121 843 1163 peccatorum
852 1118 965 1162 accusatio,

156 1175 262 1227 posterior
275 1180 308 1213 est
320 1175 428 1213 accusatio
440 1174 530 1212 omnium
541 1180 677 1224 peccatorum
688 1175 818 1222 mortalium,
837 1190 889 1228 quae
900 1177 934 1217 hie
946 1186 967 1217 et

157 1249 210 1276 nuuc
222 1237 333 1275 Ecclesiae
346 1236 439 1274 clavibus
452 1235 557 1285 subjicere
568 1236 677 1285 poenitens
689 1242 780 1282 tenetur,
799 1250 851 1288 quae
862 1245 910 1288 post
921 1240 965 1279 dili·

157 1311 211 1352 gens
224 1298 365 1337 conscientiae
378 1310 464 1336 examen
476 1297 564 1336 redeunt
575 1297 596 1336 in
608 1297 736 1337 memoriam.
749 1298 860 1339 Posterior
868 1313 966 1341 neeessa-

158 1362 190 1398 rio
203 1361 227 1398 ad
240 1360 400 1398 Sacramentum
411 1359 555 1397 Poenitentiae
563 1359 683 1409 requiritur.
697 1360 812 1398 Concilium
821 1362 966 1401 Tridentinum

157 1422 187 1461 ita
204 1420 318 1472 praecipit:
344 1419 448 1471 „Oportet
471 1432 482 1458 a
499 1420 653 1471 poenitentibus
672 1421 740 1460 onmia
757 1428 844 1472 peccata
862 1424 966 1469 mortalia,

159 1496 245 1535 quorum
263 1490 311 1533 post
325 1483 446 1534 diligentem
462 1483 494 1520 sui
512 1483 663 1521 discussionem
683 1484 832 1523 conscientiam
844 1484 928 1533 habent,
946 1486 966 1524 in

159 1546 291 1585 confessione
309 1545 431 1591 recenseri,
444 1544 527 1584 etiamsi
545 1545 689 1585 occultissima
701 1545 736 1584 illa
748 1545 802 1585 sint⁵³
812 1543 839 1595 4).
858 1547 880 1586 Id
899 1555 966 1587 autem

158 1614 279 1661 praestatur
287 1607 419 1647 confessione
427 1607 457 1645 sic
466 1607 521 1646 dicta
533 1607 649 1646 formaliter
660 1607 752 1660 integra.
765 1606 822 1657 Quod
830 1621 880 1647 vero
894 1604 968 1649 attinet

160 1671 314 1709 confessionem
325 1670 464 1708 materialiter
476 1670 589 1721 integram,
608 1670 702 1720 quamvis
714 1671 770 1708 foret
781 1671 879 1720 optanda,
898 1678 967 1711 tamen

158 1733 178 1771 in
190 1731 279 1771 bominis
290 1738 394 1782 potestate
408 1732 529 1782 plerumque
548 1744 573 1769 ea
590 1743 630 1769 uon
649 1738 691 1777 est,
711 1744 773 1782 quare
789 1732 904 1771 Concilium
920 1735 967 1772 Tri·

159 1795 263 1832 deminum
277 1794 314 1831 ait:
334 1794 451 1837 „Peccata,
471 1805 523 1843 quae
541 1792 653 1844 diligenter
672 1793 774 1844 cogitanti
791 1805 831 1831 non
847 1801 968 1840 occurrunt,

159 1856 179 1893 in
197 1854 318 1893 universum
338 1854 409 1893 eadem
429 1854 562 1892 consessione
579 1854 661 1891 inclusa
680 1866 728 1891 esse
745 1854 905 1906 intelliguntur,
930 1867 968 1905 pro

159 1917 232 1968 quibus
245 1916 334 1955 fideliter
347 1928 393 1954 eum
410 1914 516 1966 Propheta
534 1915 635 1953 dicimus:
656 1916 700 1955 „Ab
719 1916 806 1954 occultis
824 1916 876 1954 meis
894 1918 969 1955 munda

159 1992 191 2017 me
202 1978 313 2016 Domine.’'
327 1978 415 2028 Semper
428 1978 491 2016 etiam
502 1976 606 2015 intellexit
616 1977 722 2023 Ecclesia,
735 1977 896 2025 contessionem,
910 1991 968 2030 quam

160 2040 267 2079 aChristo
281 2041 376 2089 accepit,
395 2039 537 2088 (formaliter)
555 2039 661 2091 integram
674 2052 722 2077 esse
740 2039 824 2078 debere.
843 2040 911 2079 Hinc:
931 2041 969 2080 „si

160 2103 205 2153 quis
218 2102 301 2148 dixerit,
319 2102 339 2139 in
353 2101 490 2141 Sacramenta
502 2100 647 2139 Poenitentiae
665 2101 690 2139 ad
708 2101 854 2140 remissionem
871 2109 969 2152 peccato·

160 2176 205 2203 rum
217 2177 257 2202 non
269 2164 413 2202 necessarium
435 2175 482 2201 esse
497 2162 546 2211 jure
564 2162 632 2201 divino
645 2162 741 2201 confiteri
760 2166 833 2202 orante
851 2163 970 2213 etstnputa

158 2229 251 2277 peccata
272 2225 387 2274 ntortutta,
401 2236 495 2276 qttortma
506 2226 612 2262 rneritcrta
624 2237 673 2262 oraro
685 2224 758 2263 debita
765 2228 787 2262 et
793 2224 890 2274 diligenti
899 2237 969 2276 prae-

161 2288 302 2326 meditatione
312 2286 431 2337 taceatur,
445 2286 507 2324 etiam
520 2286 608 2330 occulta,
628 2292 649 2323 et
661 2298 713 2336 quae
725 2292 773 2324 sunt
785 2292 859 2325 contra
871 2287 910 2324 dno
922 2286 969 2324 ulti-

162 2362 194 2387 ma
206 2348 302 2401 decalogi
313 2354 433 2399 praecepta,
446 2354 466 2386 et
479 2347 654 2393 circumstantias,
667 2359 719 2398 quae
730 2348 812 2397 peceati
824 2348 915 2398 speciem
928 2360 970 2386 mu·

163 2416 213 2455 tant,
225 2433 255 2438 —
266 2433 295 2439 —-
308 2409 418 2449 anathema
429 2409 469 2447 sit''
481 2407 506 2457 ⁵).

237 2473 294 2510 Finis
306 2471 367 2520 hujus
379 2471 487 2521 praecepti
500 2476 532 2508 est
549 2470 646 2509 remissio
661 2476 810 2520 peccatorum,
829 2482 880 2521 ergo
893 2470 948 2508 sieut
959 2484 970 2508 a

162 2533 207 2569 Deo
213 2534 414 2583 sperarinonpotest
422 2531 526 2570 dimidiata
534 2532 639 2577 remissio,
650 2532 680 2570 ita
687 2543 727 2569 non
735 2538 805 2581 potest
812 2531 859 2579 fieri
867 2530 971 2570 dimidiata

163 2593 274 2632 confessio.
292 2595 350 2633 Deus
361 2606 401 2632 non
413 2599 483 2644 potest
493 2605 555 2631 unum
567 2599 675 2643 peccatum
688 2594 777 2632 mortale
789 2592 904 2637 remittere,
923 2594 970 2643 quin

187 2716 202 2754 1]
218 2714 284 2747 Traet.
297 2716 318 2744 de
330 2716 381 2747 iuter.
392 2717 456 2755 dotato,
471 2714 520 2757 apud
536 2713 556 2747 S.
571 2714 630 2747 uem.
648 2723 689 2757 cap.
702 2716 732 2748 21.
745 2725 764 2747 u.
780 2715 810 2746 '⁴3.
824 2730 845 2734 —
864 2714 880 2752 ²)
898 2714 970 2748 Tertul.

210 2761 255 2795 libr.
266 2762 288 2795 de
297 2762 371 2795 Poenit.
388 2783 411 2787 —
423 2765 438 2803 ³]
449 2763 520 2797 Julian,
536 2762 620 2796 Pomerii
634 2762 694 2804 (juxta
702 2763 751 2796 alios
760 2762 863 2804 Prosper.)
873 2761 917 2795 Vita
926 2772 971 2797 eon·

211 2811 278 2854 templ.
287 2810 310 2843 ll.
320 2812 337 2843 7.
347 2829 371 2834 -—
379 2814 395 2851 4}
405 2813 461 2846 Sess.
470 2811 522 2845 XIV.
533 2820 573 2855 cap.
584 2813 601 2845 5.
611 2830 635 2835 -
644 2812 659 2854 ⁵)
672 2812 728 2846 sess.
740 2811 791 2845 xtv.
809 2818 849 2843 cau.
863 2812 879 2843 7.
895 2811 933 2845 Cl'r.
951 2812 971 2845 S.

210 2862 262 2895 tren.
273 2862 290 2893 3,
304 2869 322 2892 n.
336 2860 353 2891 6.
362 2859 436 2893 Tertul.
451 2862 473 2895 de
482 2861 557 2894 Poenit.
572 2870 588 2894 c.
602 2862 620 2893 3.
635 2860 655 2894 S.
667 2861 713 2904 Gyp.
724 2860 747 2893 de
756 2859 815 2903 caps.
830 2858 882 2903 Orig.
893 2860 911 2894 in
924 2860 971 2894 Lev.

211 2911 262 2944 hom.
277 2911 294 2943 3.
309 2918 327 2942 n.
342 2909 359 2941 ti.
373 2908 430 2943 cone.
445 2909 538 2945 cabillon,
547 2910 570 2944 ll.
580 2919 596 2943 o.
610 2911 641 2943 32.
