2056 3193
145 70 190 118 250

146 196 165 229 et
177 201 253 241 pressa
265 190 289 229 de
301 189 377 229 futuris
390 190 502 242 cogitatio,
516 196 538 229 ut
549 190 624 242 reliqui
641 194 742 243 temporis
758 192 906 246 occupationes
923 192 954 233 fa·

146 253 186 293 cile
198 254 236 292 hac
247 251 500 303 vacatione'compenses.
513 254 557 293 Nec
568 254 607 292 boc
619 255 664 293 ideo
677 254 731 301 dico,
750 258 803 306 quod
815 263 835 295 te
848 256 954 295 retraham

146 330 158 355 a
169 316 220 360 tuis,
236 313 277 352 imo
289 314 309 352 id
322 315 414 366 agimus,
432 322 455 354 ut
465 316 494 353 ibi
505 315 576 355 discas
587 316 656 367 ibique
675 316 795 364 mediteris,
815 320 895 370 qualem
912 318 953 357 tuis

145 376 246 428 praebere
258 383 279 414 te
294 374 418 424 debeas''³].
437 377 574 424 „uteditatim
593 379 622 416 ait
637 377 659 416 S.
674 378 817 429 Augustinus,
835 380 953 430 praesentis

143 438 199 475 vitae
211 444 297 475 nostrae
305 438 324 475 in
333 439 392 475 laude
404 439 445 476 Dei
453 439 575 477 essedebet.
587 440 631 477 Non
639 445 708 489 potest
720 439 776 484 fieri,
788 440 954 481 uthabeatmala

144 499 207 544 facta,
216 498 250 548 qui
261 499 323 536 babet
330 500 395 536 bonas
404 498 587 551 cogitationes’'²).
600 500 799 538 discernamus:
813 502 854 539 „Et
865 504 953 551 primunr

144 559 225 610 quidem
237 559 304 609 ipsum
316 572 376 597 suum
388 560 465 599 fontem
483 561 496 598 i.
515 566 646 605 ementem,
665 561 689 599 dc
702 573 741 611 qua
757 562 837 606 oritur,
856 564 954 611 purificat

145 620 295 666 considerati03
314 621 360 659 dein
372 622 430 673 regit
442 623 540 666 allectus,
560 622 633 673 dirigit
645 629 717 666 actus,
737 622 829 673 corrigit
841 635 953 671 excessus,

144 681 248 731 componit
259 695 337 728 meres,
348 682 411 720 vitam
424 682 520 720 honestat
532 689 553 721 et
564 682 646 720 ordinat
653 698 659 728 ς
671 689 777 733 postremo
790 683 905 722 divinarum
918 678 952 735 pa·

142 743 196 781 riter
209 749 229 781 et
239 743 375 782 humanarum
387 756 458 782 rerum
471 745 579 782 scientiam
593 742 721 792 confe1·t''³).
739 745 769 782 Ne
785 744 830 795 quis
842 757 893 782 vero
913 746 953 785 sibi

142 816 266 855 persuasum
278 805 354 842 habeat
366 805 489 843 exercitium
502 806 642 846 meditationis
654 806 705 843 solis
718 806 813 854 personis
830 806 952 856 specialiter
1000 803 1002 806 ’

143 867 188 903 Deo
201 866 275 909 dicatis
288 866 359 915 quales
372 873 420 904 sunt
432 867 535 918 Religiosi
548 874 569 905 et
581 866 672 912 Clerici,
691 866 742 904 utile
755 878 802 904 esse
815 879 839 905 ac
851 880 951 907 necessa-

142 926 207 971 rium,
226 939 265 964 non
285 934 353 965 antem
372 927 396 965 ad
415 940 485 965 omnes
498 928 571 966 fideles
584 927 628 976 ejus
640 928 750 965 utilitatem
763 940 787 966 ac
802 928 952 968 necessitatem

137 1000 190 1026 'esse
203 988 362 1033 extendendam,
380 988 449 1027 audiat
461 989 588 1028 Catechismi
600 989 686 1027 Romani
705 989 788 1027 illustre
807 1002 831 1027 ea
849 990 873 1027 de
885 1002 908 1028 re
920 997 952 1028 te·⁴

142 1049 271 1095 stimonium,
283 1049 327 1094 nbi,
344 1062 395 1099 quae
407 1049 449 1087 sint
460 1051 572 1099 praecipue
584 1050 726 1095 observanda,
739 1050 851 1088 Sacerdoti
863 1051 951 1089 aliorum

142 1109 286 1149 confessiones
299 1110 420 1159 excipienti,
439 1111 550 1149 declarans
563 1112 604 1150 ait:
623 1111 749 1150 „Ducendus
761 1119 794 1150 est
806 1112 867 1149 etiam
880 1113 950 1161 poeni-

141 1177 199 1217 tens,
211 1177 233 1208 nt
245 1171 321 1209 nullum
334 1172 425 1220 patiatur
437 1184 485 1209 esse
498 1172 561 1218 diem,
574 1172 621 1222 quin
634 1172 709 1222 aliquid
722 1172 746 1209 de
757 1172 867 1210 Passionis
879 1173 950 1211 Domi·

141 1233 163 1271 ni
174 1232 241 1270 nostri
253 1232 359 1281 mysteriis
372 1232 491 1278 meditetur,
509 1256 539 1261 -
556 1233 594 1271 hac
606 1234 659 1270 enim
672 1232 805 1271 meditatione
818 1241 950 1284 assequetur,

141 1300 163 1332 ut
180 1294 204 1331 ab
224 1294 318 1331 omnibus
336 1294 442 1331 daemonis
454 1295 604 1333 tentationibus
616 1294 683 1332 indies
696 1306 719 1331 se
731 1294 829 1332 tutiorem
842 1307 890 1332 esse
902 1307 949 1333 sen·

140 1355 185 1393 tiat.
202 1355 274 1403 Neque
293 1355 346 1392 enim
362 1356 404 1393 ulla
417 1362 449 1392 est
467 1356 507 1393 alia
524 1368 599 1400 causa,
619 1362 708 1393 curtam
722 1355 777 1400 cito,
792 1356 825 1393 vel
837 1356 912 1393 leviter
925 1356 949 1394 ab

140 1415 331 1466 hosteimpugnati‚
344 1416 410 1453 animo
423 1422 444 1453 et
454 1416 535 1454 'viribus
548 1417 715 1460 succumbamus,
728 1428 788 1465 quam
800 1417 852 1466 quod
865 1428 890 1453 ex
902 1429 949 1455 coe-

139 1476 223 1514 lestium
235 1489 307 1514 rernm
319 1476 453 1515 meditatione
466 1477 529 1515 divini
542 1477 619 1515 amoris
636 1477 706 1528 ignem
723 1477 834 1527 concipere
846 1489 886 1515 non
906 1483 949 1515 stu-

140 1538 235 1582 deamus,
255 1550 293 1588 quo
310 1550 368 1575 mens
386 1538 482 1575 recreari
501 1545 562 1588 atque
581 1538 636 1589 erigi
653 1537 741 1587 possit.”
768 1537 808 1576 His
827 1538 949 1583 concinunt,

140 1611 191 1649 quae
203 1598 290 1648 pulchre
302 1599 326 1636 de
338 1599 472 1636 meditatione
484 1599 597 1649 loquuntur
609 1600 631 1637 S,
644 1598 772 1636 Franciscus
785 1599 882 1647 Salesins
896 1595 916 1647 ⁴]
929 1605 949 1636 et

139 1659 258 1698 Ludovicns
271 1659 411 1697 Granatensis
425 1657 450 1707 ⁵).
589 1651 603 1704 s

213 1720 286 1758 Nullus
308 1733 396 1770 corpore
418 1733 482 1759 sanus
504 1721 638 1772 negotiorum
659 1719 790 1758 multitudine
811 1720 908 1770 impediri
926 1733 949 1759 se

140 1781 196 1828 sinit,
209 1781 255 1831 quin
265 1781 369 1832 corporali
377 1782 430 1826 cibo,
442 1788 498 1832 potu,
510 1782 587 1832 quiete,
598 1781 665 1819 indies
678 1792 755 1830 corpus
767 1781 850 1819 reficiat
862 1787 883 1819 et
895 1782 937 1820 alat
942 1796 948 1827 3

139 1842 186 1880 etsi
196 1843 216 1880 in
229 1848 285 1880 statu
297 1843 404 1894 augmenti
415 1844 450 1888 sit,
463 1844 525 1880 etiam
534 1855 614 1894 augere
626 1848 716 1893 satagat.
733 1842 775 1880 Cur
786 1842 853 1893 igitur
865 1843 950 1880 obtenta

140 1903 220 1941 animae
231 1915 269 1952 per
281 1904 429 1952 poenitentiam
441 1903 542 1947 sanitate,
557 1915 597 1941 non
610 1903 696 1952 quilibet
709 1902 842 1940 Christianus
855 1902 948 1953 singula·

138 1964 192 2002 riter
209 1964 237 2001 sit
253 1964 366 2010 sollicitus,
384 1970 407 2002 ut
426 1964 529 2003 exercitio
548 1964 689 2002 meditationis
709 1965 773 2013 [quae
791 1975 843 2000 vero
856 1963 916 2001 cibus
929 1970 949 2001 et

137 2031 199 2075 potus
212 2024 327 2074 spiritualis
340 2026 420 2063 animae
433 2027 477 2072 est]
491 2024 580 2075 quotidie
594 2037 639 2062 eam
650 2024 744 2068 reficiat,
757 2029 777 2060 et
789 2023 871 2075 gratiae
884 2024 948 2063 vitam

137 2086 158 2124 in
170 2097 194 2123 se
207 2088 298 2136 augeat?
310 2087 354 2123 Non
367 2086 452 2124 difficile
464 2092 497 2123 est
508 2085 570 2130 fideli,
584 2090 663 2122 attente
674 2084 796 2135 recogitare
808 2085 948 2136 gravissimas

138 2159 177 2185 nec
195 2159 285 2196 unquam
303 2147 405 2184 finiendas
422 2146 500 2184 inferni
518 2158 609 2195 poenas,
626 2145 728 2183 infinitam
745 2145 786 2183 Dei
805 2145 946 2191 clementiam,

138 2207 297 2246 acerbissimam
310 2207 391 2245 Christi
401 2207 486 2245 Domini
496 2207 629 2252 Passionem,
648 2218 749 2244 summam
766 2206 807 2243 Dei
823 2213 909 2256 propter
925 2218 948 2243 se

139 2269 287 2307 amabilitatem
299 2268 410 2314 infinitam,
429 2268 619 2319 deniquepeccati,
639 2268 691 2317 quod
710 2269 790 2305 offensa
804 2267 855 2312 Dei,
874 2267 949 2304 summi

138 2329 190 2367 Boni
202 2336 244 2375 est,
262 2330 399 2381 gravitatem,
417 2336 439 2367 ut
456 2330 553 2367 nimirum
571 2328 603 2366 his
619 2327 822 2367 considerationibus
839 2334 948 2365 moveatur

138 2390 218 2428 animus
230 2391 351 2440 peccatoris
364 2391 388 2428 ad
401 2390 514 2428 eliciendos
528 2397 586 2428 aetus
599 2390 689 2434 timoris,
702 2389 757 2437 spei,
770 2387 887 2425 dilectionis
899 2388 948 2434 Dei,

132 2451 163 2488 'ac
176 2451 215 2488 odii
227 2457 246 2489 et
259 2451 405 2489 detestationis
417 2458 563 2500 peccatorum,
581 2452 614 2487 vel
627 2450 681 2499 justi
696 2449 792 2486 voluntas
807 2448 827 2485 in
839 2449 880 2487 Dei
892 2462 947 2487 amo-

138 2524 183 2549 rem
195 2513 262 2562 magis
281 2519 302 2550 et
316 2513 385 2563 magis
398 2512 541 2551 accendatur?
559 2512 604 2548 Nec
622 2511 689 2549 officit
707 2509 848 2547 meditationis
867 2511 947 2555 officio,
1002 2510 1004 2512 ’

138 2572 192 2624 quod
205 2572 352 2611 distractiones
366 2573 427 2612 facile
440 2572 551 2610 obveniant
556 2587 562 2617 3
581 2584 628 2609 nam
640 2570 737 2622 evagatio
750 2571 836 2614 mentis,
854 2583 907 2620 qnae
925 2571 948 2608 fit

137 2639 224 2684 praeter
242 2635 379 2682 propositum,
399 2633 501 2671 orationis
519 2633 611 2671 fructum
628 2644 668 2670 non
686 2632 746 2669 toltit,
765 2632 863 2680 etSaepe,
881 2631 911 2669 ait
923 2632 945 2670 S.

138 2693 270 2747 Gregorius,
287 2694 307 2731 in
321 2695 366 2745 ipso
381 2694 483 2733 orationis
498 2694 603 2732 sacrificio
620 2694 752 2743 importunae
768 2704 790 2729 se
807 2692 947 2742 cogitationes

136 2795 324 2805 ...ff

163 2842 177 2883 1]
187 2840 216 2875 Λᾶ
226 2839 300 2875 Gelani.
314 2857 338 2863 -
351 2840 367 2880 ²}
376 2841 397 2873 ln
405 2840 478 2874 Psalm.
489 2839 590 2875 cxcviii.
604 2858 629 2864 -
641 2841 657 2880 ³)
667 2837 720 2872 Libr.
732 2840 748 2871 l.
758 2836 858 2872 Consider.
869 2847 886 2871 c.
896 2839 914 2873 7.
923 2856 947 2862 —-

186 2893 202 2932 4]
212 2889 296 2924 Philoth.
305 2889 328 2923 Ρ,
338 2889 362 2922 ΙΙ.
373 2899 389 2923 c.
401 2892 417 2922 1.
427 2892 449 2924 P.
459 2891 483 2923 V.
493 2900 510 2923 c.
521 2892 549 2923 17.
558 2909 581 2913 —
589 2888 605 2932 ⁵)
614 2888 673 2922 Libro
684 2890 701 2921 1.
709 2888 739 2920 De
749 2886 802 2921 Orat.
812 2891 832 2921 et
840 2887 891 2921 medi
901 2898 918 2922 c.
929 2890 946 2921 1.
