2056 3193
111 83 156 150 eoa

112 202 201 241 articulo
215 199 288 238 mortis
300 199 334 237 vel
347 198 391 248 ejus
404 197 497 249 periculo
511 197 584 250 aliquis
597 204 676 239 tantum
688 202 708 241 in
723 216 802 252 petiere
817 214 855 240 sua
870 213 917 252 pec-

112 271 158 302 cata
170 262 280 300 confessus
293 267 335 306 est,
353 268 374 299 et
386 261 410 298 ab
423 261 464 298 illis
477 260 558 311 quidem
571 262 688 307 absolutus,
707 270 789 303 tenetur
803 270 871 302 tamen
883 276 917 301 su·

110 331 182 375 parato
196 324 267 361 morbo
281 335 305 359 ea
319 323 396 361 iterum
409 322 515 367 confiteri,
533 329 554 360 et
572 324 596 361 ab
611 323 652 359 illis
668 323 744 361 iterum
764 326 853 370 absolvi:
870 337 917 363 nam

109 399 148 424 non
161 386 211 423 lieet
223 385 328 435 derogare
345 383 465 433 integritati
481 383 613 422 Sacramenti
633 396 643 421 a
659 384 746 438 Christo
765 387 916 436 praescriptae.

109 447 155 486 Hoc
174 452 241 484 autem
261 446 280 483 in
299 449 381 483 iterata
394 443 533 483 absolutionc
552 446 714 490 observandum,
734 452 755 483 ut
774 447 917 485 confessarius

109 521 148 546 non
162 507 257 546 absolvat
270 507 350 543 elevata
362 516 423 542 mann
442 512 463 543 et
480 507 546 556 palam
565 506 654 544 forrrrata
674 519 748 559 cruce,
766 507 802 544 sed
821 508 874 545 clam
893 508 917 546 ad

108 570 248 618 poenitentem
268 567 390 610 inclinatus,
414 579 450 612 ne,
475 567 493 605 si
512 567 618 604 adstantes
638 568 816 612 animadvertant,
840 568 916 605 iteruin

108 630 154 668 dari
167 629 328 672 absolutionem,
346 639 392 664 enm
411 628 545 677 suspicentur
566 640 624 665 reum
651 640 698 666 esse
713 629 795 677 peccati
814 629 916 666 mortalis,

107 692 167 729 Aliud
187 691 252 734 foret,
270 689 288 726 si
300 694 424 738 praesentes
437 701 490 727 nune
503 696 575 727 essent
587 701 658 726 omnes
671 689 705 727 alii
718 689 742 727 ab
754 690 792 735 iis,
810 690 843 739 qui
856 697 916 727 antea

108 753 225 795 adfuerant,
242 756 278 788 aut
290 751 347 787 solus
360 749 474 800 poenitens.

180 809 207 859 2)
227 811 251 849 Si
263 811 406 850 confessarius
419 816 465 847 ante
479 810 630 848 absolutionem
642 817 732 860 peccata
744 812 870 861 poenitentis
883 824 915 849 es-

107 880 140 911 set
151 872 243 911 oblitus?
262 872 347 911 Sufficit
365 870 389 908 ad
409 870 570 916 absolutionem,
588 871 697 921 aliqnando
716 872 782 910 fuisse
796 872 916 910 distinctam

107 933 248 986 cognitionem
267 939 401 984 pcccatorum
420 932 439 969 in
459 931 600 977 confessario,
621 945 675 971 nunc
695 939 763 970 autem
783 932 848 971 adbuc
868 946 923 980 esse

107 996 216 1033 ctrirfusam
229 995 253 1032 de
265 1000 322 1032 statu
334 992 472 1042 poenitentis,
490 1005 541 1042 quae
558 993 654 1032 consistit
670 994 690 1031 in
707 1007 740 1039 eo,
759 994 810 1044 quod
827 995 915 1043 plurium

107 1056 232 1094 meminerit.

180 1113 205 1163 3]
225 1115 373 1159 sinebamur,
393 1126 440 1151 num
453 1115 590 1152 absolutionis
607 1116 674 1153 forma
686 1117 822 1165 pronunciata
835 1116 915 1153 fuerit?

105 1179 228 1226 Repetatur‚
241 1177 259 1214 si
271 1176 354 1214 dubium
366 1175 431 1213 fuerit
442 1176 540 1225 prudens.

253 1293 331 1347 llodus
346 1292 429 1362 ageinli
444 1292 466 1344 in
480 1292 624 1346 absolutione
639 1293 768 1347 dill'erenda.

180 1418 197 1470 ξ.
215 1415 266 1457 210.
284 1418 324 1455 Hic
337 1418 376 1455 duo
388 1417 520 1466 potissimum
533 1417 666 1466 expendenda
679 1424 738 1462 sunt,
756 1422 842 1470 tempus
858 1419 915 1457 scili·

105 1486 148 1524 cet,
166 1491 273 1528 quousque
286 1479 389 1515 absolutio
402 1477 519 1521 differatur,
537 1478 648 1515 almodus
660 1478 746 1529 agendi,
760 1491 819 1528 quern
833 1479 915 1516 confes·

105 1541 175 1577 sarius
188 1546 268 1584 teneat,
285 1539 332 1576 dum
345 1538 497 1576 absolutionem
511 1538 588 1576 differt.

253 1639 277 1674 A.
311 1635 406 1683 Quoad
439 1642 557 1685 tempus.

181 1721 283 1771 Tempus,
302 1731 407 1770 quousque
421 1719 523 1757 absolutio
536 1719 651 1758 differenda
663 1720 701 1766 sit,
719 1720 864 1758 dinretieudum
883 1727 915 1758 est

106 1787 129 1831 a]
143 1796 168 1821 ex
180 1782 306 1832 poenitentis
319 1781 466 1831 dispositione3
484 1788 565 1820 certum
578 1782 651 1832 quippe
664 1790 704 1827 est,
718 1783 869 1821 absolutionem
882 1784 915 1827 iis,

106 1846 139 1894 qni
151 1844 266 1893 impensius
279 1843 411 1887 adlaborant,
428 1849 451 1880 ut
462 1839 510 1880 sese
523 1843 647 1895 corrigant,
665 1844 784 1895 generatim
803 1844 915 1892 loquendo,

106 1906 183 1943 diutius
196 1918 234 1942 nou
247 1917 294 1943 esse
307 1904 449 1942 differendam.
483 1904 507 1951 b)
526 1906 558 1942 Ex
576 1911 652 1943 natura
670 1905 761 1954 peceati,
780 1904 832 1955 quod
850 1904 915 1954 impu-

107 1966 211 2017 gnandum
225 1972 270 2010 est;
288 1966 388 2014 quaedam
401 1966 454 2002 enim
467 1965 572 2002 difficilius
585 1977 645 2013 quam
659 1966 700 2002 alia
711 1966 830 2003 vincuntur.
849 1968 871 2012 c]
884 1968 915 2002 Ex

106 2026 252 2066 occasionibus
276 2026 386 2075 peccandi,
411 2038 462 2076 quas
484 2025 593 2075 poenitens
618 2025 689 2073 babet:
713 2033 775 2076 prout
793 2027 915 2077 frequentes

106 2095 164 2133 sum,
183 2089 214 2125 vel
233 2088 299 2125 *ninus
316 2087 448 2137 frequentes,
467 2094 546 2137 tempus
559 2088 591 2124 vel
607 2087 692 2126 brevius
704 2088 736 2125 vel
748 2079 833 2140 longius
846 2088 870 2125 ad
883 2101 915 2124 re-

107 2150 221 2201 cipiendam
242 2148 394 2188 absolutionem
414 2148 564 2201 designandum
583 2155 623 2198 est.
640 2149 681 2189 Hic
702 2162 718 2187 e.
732 2162 753 2201 g.
770 2150 810 2187 erit
822 2149 915 2188 fortasse

107 2213 214 2258 ebriosus,
243 2211 276 2262 qui
290 2211 377 2261 nonnisi
395 2210 504 2250 dominicis
523 2211 624 2262 festisque
643 2211 715 2250 dicbus
734 2223 782 2249 sese
799 2211 916 2249 inebriandi

106 2273 327 2319 habetoccasionenm
346 2285 384 2323 quo
400 2273 420 2310 in
440 2285 489 2312 casn
506 2273 578 2311 inutile
597 2273 653 2311 foret
667 2273 756 2312 illumin
768 2272 917 2311 hebdomadam

109 2335 200 2381 dili'erre‚
212 2335 251 2374 boc
264 2336 317 2373 enim
330 2335 430 2385 temporis
442 2335 553 2373 intervallo
566 2336 600 2373 vix
612 2348 672 2373 unam
685 2335 817 2373 occasionem
830 2333 917 2372 baberet

108 2397 231 2442 resistendi,
249 2410 287 2447 quo
307 2409 358 2434 sane
376 2402 470 2446 tempore
490 2397 634 2435 confessarius
651 2396 730 2435 certior
742 2408 782 2432 non
796 2394 918 2433 efficeretur

108 2458 133 2495 de
145 2458 199 2495 illius
213 2459 352 2496 correctione.
371 2457 394 2495 Si
414 2464 482 2495 auteur
495 2464 528 2494 est
539 2458 654 2507 promptior
667 2459 686 2495 in
699 2457 763 2501 iram,
781 2456 917 2508 quisingulis

108 2519 175 2556 ferme
188 2519 258 2557 diebus
273 2520 349 2567 jurare
362 2519 508 2562 consueverit,
526 2525 635 2568 postquam
649 2519 699 2556 diras
713 2518 831 2556 traduxerit
841 2518 917 2557 hebdo-

108 2581 180 2620 madas
198 2579 312 2627 injuratus,
330 2580 421 2618 ostendit
439 2592 514 2617 senon
528 2579 771 2629 modicumprofecisse,
790 2585 850 2629 atque
869 2592 917 2629 pro-

107 2643 198 2693 positum
207 2652 266 2677 suum
280 2641 344 2687 fuisse
357 2643 473 2679 sincerum:
486 2641 559 2691 qqupe
572 2647 652 2689 tempus
665 2641 703 2679 boc
715 2641 782 2679 lluere
795 2654 834 2678 non
842 2642 917 2690 potuit,

108 2716 147 2755 quo
159 2703 228 2741 illinus
240 2701 333 2752 pluribus
346 2703 495 2741 tentationibus
508 2702 538 2739 illi
550 2701 615 2740 fuerit
625 2702 807 2740 r·esisteudu1n.—
816 2701 855 2751 Qui
867 2715 917 2740 vero

107 2771 184 2815 peccat
195 2764 297 2802 duntaxat
308 2770 394 2813 propter
407 2767 555 2809 occasionem,
573 2763 613 2801 hac
626 2771 695 2802 airaota
708 2764 788 2801 absolvi
799 2770 879 2814 potest,
893 2777 916 2804 ,v.

108 2840 129 2878 g.
142 2838 187 2865 cum
200 2826 257 2863 litem
270 2825 394 2870 absolverit,
413 2838 464 2875 quae
476 2826 529 2871 odii,
550 2826 720 2870 obtrectationis,
738 2825 858 2874 furorisque
871 2830 918 2863 erat

109 2900 183 2934 causa:
197 2900 243 2927 eum
255 2888 314 2926 domo
327 2886 415 2935 ejecerit
427 2888 544 2933 mulierem,
557 2899 603 2927 cum
616 2899 655 2936 qna
667 2899 757 2938 peccare
770 2893 916 2925 consueverat.
933 2940 934 2943 Ἴ
