2017 3193
833 92 862 135 53

60 219 198 277 praemittitur
210 224 307 258 examen,
324 210 364 249 nisi
380 208 452 246 forsan
469 206 550 245 aliunde
562 214 644 247 constet
663 206 768 257 Episcopo
781 206 806 243 de
819 205 862 244 ido-

15 282 16 285 *
61 285 136 325 neitate
148 275 271 317 sacerdotis.

172 393 330 448 Jurridictiouis
344 391 446 443 internae
460 385 591 438 discrimina
604 401 645 439 scu
659 388 746 441 divisio.

133 522 151 576 ξ.
164 518 199 561 37.
211 519 336 559 Jurisdictio
343 516 433 557 interna,
443 523 495 560 quae
502 511 717 550 forumconscientiae
725 520 813 563 spectat,
823 513 864 551 alia

61 594 93 626 est
104 582 219 628 ordinaria,
232 582 272 619 alia
280 580 383 626 delegata.
393 572 504 610 Ordinaria
511 572 546 609 illa
554 571 618 616 audit,
632 584 683 620 quae
692 573 753 610 alicui
765 575 864 624 competit

60 643 250 686 rationebenelicii,
262 646 297 677 aut
308 634 379 678 officii,
391 634 444 682 quod
456 633 573 681 adjunctam
584 632 647 669 habet
658 632 772 670 animarum
784 647 862 672 curam.

61 711 112 750 Eam
130 704 215 755 proinde
231 701 317 741 habent,
336 700 433 744 quantum
452 694 476 731 ad
492 693 614 731 sacerdotes
629 693 715 730 secundi
730 694 820 740 ordinis,
839 698 862 742 a]

60 765 156 818 parochi,
169 771 190 801 et
202 759 278 812 quibis
291 755 463 805 aequiparantur,
476 755 559 792 scilicet
571 753 673 802 capellani
684 754 778 799 locales,
789 755 865 792 vicarii

61 825 166 878 perpetui,
184 818 330 872 parochiarum
343 814 524 852 administratores
536 814 556 851 in
568 813 708 863 parochianos
720 826 780 859 suos:
792 814 818 861 b]
831 827 864 852 su·

61 887 156 938 periores
173 878 302 932 regularium
313 877 335 914 in
346 887 448 924 personas
466 875 506 912 sibi
521 874 637 923 subjectas,
655 874 754 912 videlieet
765 875 786 912 in
805 875 865 913 Ordi-

61 949 93 987 nis
105 945 220 985 confratres
227 938 252 987 ¹).

133 1000 256 1042 Jurisdictio
275 999 373 1050 delegata
388 1003 420 1035 est
435 1010 468 1044 ea,
485 1010 536 1048 quae
549 997 694 1036 sacerdotibus
712 997 813 1035 beneficio
830 1010 864 1036 eu-

61 1075 107 1108 rato
119 1062 251 1107 carentibus,
263 1073 302 1098 nec
315 1059 405 1097 officium
418 1066 453 1097 aut
465 1060 539 1097 saltem
557 1059 677 1109 precarium
693 1065 773 1096 tantum
787 1058 864 1097 habeu-

61 1130 128 1172 tibus,
141 1137 166 1163 ex
178 1122 323 1162 commissione
336 1121 454 1167 confertur,
472 1134 492 1159 v.
505 1135 526 1173 g.
539 1120 710 1172 cooperatoribus
726 1133 763 1158 seu
778 1121 864 1160 vicariis

60 1188 197 1241 parochorum
209 1184 369 1235 temporalibuS,
381 1184 511 1234 presbyteris
523 1183 659 1235 regularibus
671 1183 766 1235 regimen
782 1196 863 1223 monas-

60 1251 122 1290 ticum
133 1261 173 1286 non
184 1247 318 1292 habentibus,
333 1245 432 1295 parochis
451 1252 511 1284 extra
526 1258 585 1284 suam
596 1244 716 1294 parochiam
733 1245 813 1284 alienos
828 1259 864 1296 pa·

60 1311 170 1350 rochianos
182 1309 292 1347 absolvere
303 1307 427 1346 volentibus.

388 1426 529 1480 Necessitas.

135 1554 153 1607 ξ.
166 1551 201 1594 38.
218 1555 241 1592 In
253 1554 348 1592 ministro
359 1553 515 1599 Poenitentiae,
532 1559 555 1591 ut
571 1552 645 1591 aalide
658 1553 763 1599 absolvat,
779 1560 865 1604 praeter

61 1616 143 1655 Ordinis
154 1622 280 1665 potestatem
292 1615 372 1665 requiri
386 1614 569 1663 jurisdictionem,
590 1614 666 1665 dogma
685 1614 810 1653 catholicum
825 1621 863 1653 est.

59 1679 126 1715 Docet
138 1677 191 1714 euim
204 1676 318 1714 Concilium
330 1675 486 1713 Tridentinum:
500 1674 615 1723 „Quoniam
626 1675 693 1726 igitur
710 1682 785 1714 natura
798 1683 819 1714 et
830 1690 864 1714 ra-

60 1738 87 1776 tio
96 1737 169 1786 judicii
183 1738 231 1775 illud
251 1736 356 1787 exposcit,
373 1742 396 1774 ut
415 1737 519 1774 sententia
531 1737 551 1774 in
564 1736 658 1774 subditos
674 1743 754 1775 tantum
769 1734 863 1782 feratur,

59 1810 181 1848 persuasum
196 1810 278 1847 semper
297 1799 318 1836 in
335 1798 434 1835 Ecclesia
444 1798 485 1835 Dei
496 1798 544 1843 fuit,
562 1797 726 1835 avarissimum
739 1811 787 1836 esse
803 1811 864 1847 syno-

60 1860 96 1897 dus
107 1858 159 1897 haec
172 1859 291 1904 confirmat,
308 1859 384 1896 nullius
397 1859 495 1896 momenti
507 1858 657 1896 absolutionem
667 1871 711 1897 eam
720 1872 768 1897 esse
781 1860 864 1904 debere,

8 1948 10 1952 .
60 1931 118 1969 quam
134 1920 234 1957 sacerdos
248 1920 269 1957 in
286 1932 332 1957 eum
352 1919 444 1968 profert,
460 1920 480 1957 in
494 1932 553 1970 quem
566 1919 703 1965 ordinariam,
722 1927 757 1957 aut
769 1921 864 1958 subdele-

11 1974 13 1978 ’
59 1986 129 2032 getam
142 1980 284 2031 [delegatam]
296 1979 406 2018 nonhabet
415 1980 596 2029 jurisdictionem’'
604 1978 630 2026 2).
642 1981 711 2025 Ratio,
724 1993 784 2030 quam
792 1975 866 2019 adfert

59 2040 159 2088 synodus,
170 2039 223 2078 haec
241 2047 280 2078 est.
304 2036 454 2078 Poeuitentiae'
467 2036 627 2079 Sacramentum
642 2042 662 2078 in
677 2041 752 2090 judicii
771 2042 838 2080 forma
854 2054 865 2079 a

58 2100 111 2138 Jesu
124 2100 207 2138 Christo
220 2101 287 2139 fuisse
298 2102 429 2147 institutum,
443 2109 463 2139 et
470 2102 563 2150 judicem
575 2102 633 2139 ferre
645 2114 684 2139 non
693 2115 755 2152 posse
763 2102 865 2150 judicium

57 2161 77 2197 in
90 2172 136 2205 eos,
149 2161 182 2210 qui
194 2161 234 2198 sibi
247 2162 337 2210 subjecti
348 2174 388 2200 non
400 2170 461 2208 suunt,
478 2162 508 2206 ed]
515 2163 539 2200 ad
550 2163 619 2212 ipsum
631 2175 670 2200 non
682 2164 795 2212 pertinent.
811 2163 865 2202 No-

58 2214 110 2259 ana
121 2225 143 2259 et
152 2224 211 2259 ratio
217 2222 300 2270 judico·
311 2222 369 2261 illud
378 2226 487 2274 exposcit,
499 2227 526 2262 ut
538 2227 648 2262 ceroferalia
659 2226 682 2261 in
692 2223 793 2262 subditos
805 2225 864 2263 deon-

58 2284 125 2320 ἴαται
137 2279 235 2332 feratur.
257 2283 355 2323 Secunda
369 2285 433 2330 ratio,
451 2297 511 2335 quam
524 2285 639 2323 Concilium
651 2286 723 2331 affert,
743 2285 764 2323 in
781 2298 805 2324 eo
823 2286 865 2324 sita

5 2335 7 2338 ’
60 2348 101 2387 est,
119 2343 171 2392 quod
182 2345 293 2383 Ecclesiae
309 2357 433 2395 persuasum
446 2358 529 2395 semper
541 2345 618 2390 fuerit,
637 2346 788 2384 absolutionem
807 2359 863 2385 asa-

60 2403 143 2442 cerdote
156 2405 224 2443 datam
235 2407 312 2445 nullam
325 2419 372 2445 esse
385 2414 405 2445 et
416 2407 509 2453 irritam,
526 2407 566 2445 nisi
585 2407 609 2445 ad
622 2406 721 2445 Ordinem
734 2408 821 2447 accedat
829 2409 863 2458 ju·

58 2462 185 2505 risdictionis
196 2474 298 2517 potestas.
311 2470 343 2508 Ita
356 2469 425 2508 docuit
437 2470 552 2509 Concilium
563 2470 610 2508 Lat.
623 2469 661 2507 IV.
676 2482 728 2508 anno
743 2465 808 2510 1215.
827 2470 863 2509 ha-

58 2526 131 2573 bitum,
142 2528 163 2566 in
176 2530 255 2568 celebri
273 2531 367 2570 Canone:
384 2532 471 2571 „Omnis
485 2532 596 2583 utri-usque
611 2531 695 2578 sexus,''
711 2532 741 2571 ita
759 2534 862 2572 Florenti-

58 2599 104 2626 num
115 2589 135 2627 in
148 2590 232 2630 decreto
245 2593 270 2631 ad
280 2595 390 2632 Armenos.
408 2594 467 2632 Haec
483 2595 577 2633 omnibus
593 2601 651 2632 retro
671 2595 749 2632 seculis
768 2594 862 2634 Graeco·

58 2660 103 2686 rum
114 2662 153 2689 non
165 2652 232 2691 minus
245 2667 305 2704 quam
316 2655 439 2693 Latinorum
450 2656 561 2705 persuasio
574 2656 620 2694 fuit.
632 2657 708 2694 Notum
720 2663 754 2694 est
766 2656 820 2695 enim
838 2669 864 2695 ex

56 2747 229 2761 κ

83 2794 98 2832 ¹}
106 2794 202 2832 Bonacina
212 2799 235 2832 de
245 2800 365 2835 sacrament.
374 2801 423 2845 disp.
433 2803 451 2835 5.
462 2806 537 2846 quaest.
548 2805 565 2836 7.
573 2806 611 2846 pot.
621 2803 639 2836 b.
650 2801 666 2845 §-
678 2805 694 2836 l.
704 2812 733 2837 nr.
744 2805 762 2837 6.
776 2822 800 2827 -
808 2801 862 2836 Reif-

59 2871 61 2873 .
106 2842 275 2935 {ththlelc'aiih'lefL
285 2860 334 2883 mor.
342 2854 399 2884 tract.
410 2852 440 2885 lb.
450 2851 499 2885 diss.
509 2853 528 2885 8.
539 2862 571 2895 qu.
584 2855 601 2885 i.
610 2861 639 2885 nr.
648 2855 666 2886 9.
675 2871 700 2876 -
711 2852 727 2896 ²)
740 2853 796 2886 Sess.
809 2851 862 2885 xvt.
