2056 3193
171 141 216 186 134

172 258 302 295 contritionis
319 254 407 304 bonique
421 255 525 305 propositi
538 268 612 294 manca
626 260 647 291 et
663 267 703 292 non
719 255 803 294 sincera
823 255 887 294 fuerit
904 267 976 292 eorum

172 318 286 360 confessio,
303 322 352 353 tunc
368 316 455 354 edoceat
472 330 522 367 111111
537 317 579 354 11111
591 328 648 360 esse,
665 322 687 353 ut
705 318 821 364 praeterita
832 322 927 367 repetant
938 329 975 365 per
998 359 1000 363 ι

172 377 323 418 confessionem
334 378 367 414 vel
379 379 513 429 generalem,
528 391 579 428 quae
592 383 655 415 totam
672 383 789 414 anteactam
805 379 869 415 vitam
887 378 975 427 comple-

171 445 247 483 ctatur,
264 445 300 476 aut
314 439 463 488 particularem
475 440 569 490 quidem,
585 450 636 487 quae
648 444 716 475 tamon
728 439 863 488 regrediatur
875 440 899 477 ad
911 438 975 490 origi-

169 512 215 537 nem
227 500 282 537 mali.
294 499 349 539 Hinc
362 501 380 538 si
390 501 484 550 reperiat
495 499 645 543 confessoriam,
658 499 773 547 hujusmodi
783 500 898 551 sacrilegia
910 501 975 538 fuisse
1016 542 1017 545 Ἰ

168 567 263 609 patrata,
281 568 303 599 ut
321 562 344 599 de
363 575 448 599 numero
464 562 500 598 liat
515 567 599 605 certus,
617 560 747 611 interroget,
769 560 851 609 quoties
869 562 925 599 intra
936 562 975 599 1111

168 628 261 672 tempus,
275 635 336 672 aquo
348 635 437 671 peccare
451 622 552 667 cessavit,
565 621 675 660 confessus
688 621 728 666 sit,
741 627 762 658 11
773 622 975 660 communicaverit?

169 689 190 720 et
201 696 262 728 num,
280 684 449 733 quotiescumque
462 683 600 721 confitebatur
612 684 645 720 vel
658 683 834 727 communicabat,
852 683 877 720 ad
889 685 975 721 sacrile-

168 744 226 795 gium
240 744 369 782 adverterit?
381 744 523 782 Acciditenim
532 744 634 793 aliquibus
645 744 749 781 interdurn
757 743 864 794 sacrilege
872 745 976 790 confiteri,

167 805 280 854 praecipue
292 805 312 842 in
324 805 421 854 pueritia,
433 812 454 842 et
466 811 538 854 postea
549 805 623 842 horum
635 805 740 850 oblivisc13
756 805 776 841 111
788 817 827 842 11111
841 811 939 842 tenentur
951 806 976 843 ad

167 867 293 916 repetendas
312 866 457 904 confessiones
473 866 582 904 oblivionis
600 872 692 915 tempore
708 864 808 913 factas¹].
828 866 921 915 Utroque
937 879 975 915 pro

168 940 219 966 casu
231 928 333 966 sacerdos
345 940 430 978 operam
442 941 501 966 suam
514 933 535 964 11
547 927 645 965 auxilium
658 928 739 965 oll'crat.

382 1046 476 1100 blateria
493 1047 650 1116 quaestionum
663 1046 761 1099 vitanda.

244 1170 262 1223 ἕ,
275 1167 311 1210 95.
322 1174 355 1209 Ex
366 1172 406 1209 tine
420 1172 558 1209 confessionis
567 1172 615 1220 jure
628 1171 695 1209 divino
707 1171 815 1209 faciendae
826 1177 859 1208 sat
871 1172 928 1209 clare
940 1184 975 1221 pa-

166 1239 204 1279 tet,
217 1246 241 1271 ea
252 1233 320 1271 omnia
331 1234 444 1271 revelanda
456 1246 510 1278 esse,
523 1246 575 1283 quae
588 1239 623 1270 aut
634 1233 778 1282 procurandae
789 1232 909 1284 integritati
921 1232 975 1280 ejus-

167 1295 219 1340 dem,
234 1295 268 1331 vel
280 1294 421 1345 dignoscendo
434 1294 554 1333 characteri
565 1294 689 1343 poenitentis
709 1294 795 1338 morali,
811 1295 843 1331 vel
862 1294 975 1342 dijudican-

167 1356 205 1392 dae
217 1356 309 1403 ejusdem
322 1355 453 1405 dispositioni
463 1356 587 1393 inserviunt.
600 1357 671 1404 ltaque
689 1354 712 1402 l]
732 1355 876 1392 abstinendum
892 1361 975 1392 estnon

166 1417 226 1454 modo
246 1430 257 1454 a
282 1417 346 1454 rebus
368 1416 462 1454 omnibus
485 1417 509 1454 ad
528 1416 681 1454 confessionem
699 1429 739 1453 non
757 1415 919 1465 pertinentibus,
938 1417 975 1453 sed

167 1477 229 1515 etiam
240 1477 274 1522 iis,
287 1490 338 1527 quae
351 1490 397 1516 cum
409 1484 495 1527 peceato
508 1478 588 1527 quidem
601 1490 694 1515 connexa
706 1477 756 1522 sint,
769 1483 801 1514 ast
812 1477 851 1521 ita,
865 1483 886 1514 11
903 1489 974 1514 eorum

166 1538 255 1576 scientia
267 1539 389 1577 necessaria
401 1551 441 1576 non
453 1539 480 1576 sit
493 1539 517 1576 ad
529 1538 610 1588 peccati
622 1538 721 1588 speeiem,
734 1544 795 1587 prout
803 1537 918 1588 integritas
926 1550 974 1575 con-

166 1600 266 1637 fessionis
278 1600 374 1649 requirit,
386 1600 562 1650 cognoscendam,
580 1613 645 1649 neque
658 1600 682 1637 ad
695 1600 782 1636 dandum
794 1599 908 1648 poenitenti
919 1599 974 1636 salu-

167 1667 212 1698 tare
225 1661 343 1706 consilium,
355 1661 455 1698 monitum
467 1668 488 1698 11
500 1661 666 1706 instructionem,
678 1673 716 1698 nec
729 1661 753 1698 ad
767 1660 915 1710 lnjungendanr
926 1672 974 1709 poe-

166 1722 274 1759 nitentiam
287 1722 397 1771 quidquam
409 1721 495 1760 faciunt.
508 1722 569 1759 Absit
581 1722 646 1759 11111111
659 1721 780 1765 curiositas,
796 1733 836 1770 qua
848 1720 974 1770 quaerimus,

167 1788 188 1820 et
199 1795 261 1820 nosse
274 1783 367 1832 1111111111
385 1795 419 1820 111
432 1789 453 1820 11
465 1782 636 1822 circumstantias
648 1782 673 1819 ad
688 1795 771 1820 sacrum
784 1782 874 1819 tribuual
893 1781 975 1819 minime

166 1843 300 1881 necessarias
312 1851 332 1881 et
344 1844 403 1892 plane
415 1844 507 1881 inutiles.
520 1845 682 1893 Praeterquam,
702 1843 754 1892 quod
766 1849 847 1890 tempus
858 1842 975 1879 insumatur

164 1904 273 1941 inutilibus
286 1905 449 1954 quaestionibus,
461 1904 500 1941 bae
512 1904 643 1955 generantin
651 1902 911 1951 poenitentediffidentiam
923 1916 975 1953 erga

166 1964 327 2009 confessarium,
345 1971 441 2014 tanquam
454 1965 537 2002 nimium
550 1965 681 2002 occultorum
696 1959 852 2013 indagatorem,
868 1963 974 2013 ipsamque

166 2025 318 2063 confessionem
331 2025 422 2062 odiosam
435 2025 522 2062 reddunt
534 2031 555 2062 et
566 2025 681 2061 molestam.
693 2025 715 2060 ln
728 2023 781 2060 bunc
794 2035 878 2060 censum
889 2024 975 2060 veniunt

166 2086 299 2135 quaestiones
312 2086 336 2123 de
348 2086 438 2131 nomine,
450 2085 577 2123 habitatione
589 2084 721 2133 poenitentis,
734 2084 821 2133 aliisque
833 2084 897 2121 rebus
905 2084 974 2121 dorne-

166 2145 227 2183 sticis
239 2146 264 2182 ad
276 2158 320 2182 rem
332 2158 372 2182 nou
384 2145 544 2195 pertinentibus.

239 2202 265 2254 2)
279 2206 359 2244 Caveat
370 2206 522 2251 confessarius,
540 2218 565 2243 ne
576 2205 603 2243 iis
611 2206 674 2243 rebus
686 2203 796 2242 inhaereat
808 2205 929 2243 accuratius
943 2205 973 2242 11-

166 2267 274 2318 dagaudis,
287 2280 373 2317 quartur]
386 2268 461 2306 11111111
474 2274 495 2305 11
506 2267 617 2304 ruminatio
629 2265 757 2316 phantasiam
776 2266 843 2302 11111111
862 2266 974 2304 salubriter

167 2335 273 2367 exercent.
295 2329 368 2367 Satius
384 2329 437 2368 enim
454 2335 496 2374 est,
520 2335 607 2379 peccata
624 2327 748 2379 imperfecte
763 2327 895 2378 intelligere,
914 2340 975 2378 quam

167 2390 220 2428 forte
232 2391 281 2428 novi
297 2391 380 2440 peceati
397 2391 512 2440 periculum
529 2391 635 2428 inducere.
653 2390 710 2428 Adeo
728 2389 794 2426 loetet
808 2389 867 2438 palus
882 2389 937 2433 ista,
953 2396 975 2426 ut

168 2452 284 2489 consultum
296 2464 335 2489 non
348 2452 382 2497 sit,
395 2464 440 2489 eam
452 2452 485 2489 vel
497 2465 509 2489 a
521 2451 639 2501 poenitente
650 2451 683 2488 vel
696 2463 708 2487 a
720 2449 858 2495 confessario,
870 2449 975 2500 11111111

167 2524 206 2549 1111
223 2516 262 2559 111,
279 2513 372 2559 moveri:
390 2513 478 2558 sufficit,
495 2512 605 2563 requirere
620 2512 711 2563 speciem
726 2512 808 2560 peccati
826 2511 917 2561 patrati,
935 2524 974 2549 non

167 2576 322 2621 1111111111111ς
338 2581 359 2613 et
371 2574 389 2613 si
404 2575 445 2625 ipsi
456 2575 586 2625 poenitentes
603 2575 636 2611 vel
652 2586 678 2611 ex
692 2573 851 2618 inverecundia,
866 2573 900 2610 vel
914 2572 973 2625 igno-

166 2635 237 2674 rantia
247 2638 324 2676 vellent
335 2637 390 2676 bunc
402 2637 519 2682 declarare,
532 2636 629 2675 suaviter
639 2648 675 2674 eos
687 2648 756 2682 mone,
773 2635 916 2674 necessarium
934 2648 974 2674 non

168 2711 223 2736 esse.
236 2699 324 2747 Expedit
335 2699 373 2738 hac
385 2699 406 2737 in
418 2712 441 2737 re
453 2699 531 2736 imitari
543 2697 693 2749 philosophum,
706 2698 740 2749 qui
752 2697 839 2742 veritus,
852 2710 877 2735 ne
889 2698 973 2748 loquen-

166 2761 191 2798 do
204 2760 229 2797 de
241 2758 304 2796 simili
315 2761 403 2799 materia
414 2774 437 2799 os
455 2766 614 2810 conspurcaret,
631 2761 720 2798 carbone
737 2758 856 2808 descripsit.
875 2760 974 2798 Ceterum

166 2834 252 2860 monere
265 2820 339 2870 juvat,
357 2829 379 2860 ut
398 2823 506 2875 indagatio
524 2822 544 2859 in
567 2822 690 2872 poenitentis
708 2827 794 2872 peccata
809 2827 914 2872 totumque
929 2820 973 2870 ejus

191 2959 206 2997 1)
217 2956 257 2991 cfr.
267 2956 288 2990 S.
296 2954 339 2998 hig.
349 2954 418 2988 praxis
428 2955 481 2988 Gonf.
491 2965 508 2988 n.
518 2957 548 2988 22.
