2056 3193
143 101 188 146 216

218 219 325 258 Nobiliore
337 224 358 255 et
376 216 503 261 efficaciora,
512 218 634 270 singillatim
650 221 781 267 enarraturi,
799 234 838 259 non
856 219 949 259 inutilem

146 295 230 333 operam
242 291 318 318 navare
331 279 472 326 arbitramur,
489 287 549 332 atque
565 295 588 319 eo
604 280 701 318 libentius
716 282 736 318 id
755 292 896 332 praestamus,
912 295 950 333 quo

147 344 254 382 materiam
266 348 431 390 pertractamus,
450 355 501 392 quae
513 356 552 381 mni
566 345 630 381 solum
642 343 794 392 poenitentibus
806 353 847 384 tam
860 347 883 384 ad
896 358 950 384 cote-

145 407 266 443 oeraionem
279 416 345 453 quam
352 404 376 441 ad
386 405 545 454 perfectionem
557 405 652 448 inseruit,
664 417 736 442 verum
749 406 812 443 etiam
825 408 903 446 animos
915 420 950 444 no-

145 473 201 502 stros
209 465 302 513 jucunde
314 465 409 511 instruit,
423 478 461 515 quo
474 467 498 505 ad
511 467 609 514 rnajorem
622 466 641 502 io
654 466 697 503 dies
710 466 794 504 uirtutis
804 469 950 508 etsanotitatis

144 526 232 578 gradum
244 528 394 566 contendamus
406 526 430 566 Γ).

440 647 460 695 l.
494 646 655 702 Oratio,

216 770 248 808 Ad
258 769 312 809 hano
323 771 413 808 classem
425 770 558 808 referuntur:

393 888 414 939 l.
429 887 532 941 Precatio
547 889 625 942 stricto
638 873 710 942 talis

217 1012 235 1065 ξ.
250 1008 299 1051 151.
314 1008 333 1050 1.
345 1012 443 1050 Precatio
457 997 593 1051 stricte'tatis
605 1014 626 1050 iu
643 1014 810 1052 satisfactionem
828 1015 952 1064 poenitenti-

142 1075 181 1112 bus
200 1086 302 1122 nunquam
321 1086 360 1110 non
374 1072 424 1120 jure
443 1074 557 1123 meritoque
576 1075 655 1126 injungi
675 1077 735 1118 solet,
755 1083 774 1113 et
788 1082 809 1112 ut
822 1075 951 1127 injungatur,

143 1142 232 1185 oportet⁴
246 1133 298 1182 Quid
311 1135 364 1171 enim
377 1140 465 1172 mentem
479 1142 572 1173 nostram
585 1143 626 1173 turn
640 1137 663 1174 ad
676 1137 758 1185 peecati
770 1137 890 1182 horrorem,
910 1143 952 1175 tum

144 1197 168 1234 ad
185 1197 274 1234 studium
288 1196 372 1233 virtutis
385 1208 450 1245 aeque
462 1197 559 1245 disponit,
572 1210 596 1235 ac
609 1197 698 1245 repetita
713 1197 803 1246 eittsdem
821 1199 908 1236 elevatio
928 1198 952 1235 ad

142 1259 209 1296 Deum
228 1264 249 1295 et
261 1257 359 1307 frequens
378 1256 527 1308 satulliarisque
548 1259 681 1296 couversatio
700 1272 745 1297 cum
766 1260 816 1296 lllo?
835 1261 888 1298 „altit
907 1260 952 1309 quis

139 1320 201 1369 juxta
214 1319 319 1369 copiosum
332 1319 403 1370 ignem
415 1325 486 1369 stans,
507 1332 545 1357 uon
558 1333 630 1369 parum
643 1321 720 1358 caloris
740 1321 785 1359 iude
802 1321 908 1371 percipit?
923 1344 953 1348 -

142 1384 170 1420 Et
182 1389 203 1420 tu
216 1382 262 1419 fons
275 1394 297 1418 es
310 1393 392 1432 semper
404 1382 476 1431 plenus
490 1388 509 1419 et
522 1383 703 1432 superalmndans¹
716 1383 772 1435 ignis
781 1383 864 1436 jugiter
877 1383 952 1421 ardens

143 1452 164 1484 et
176 1457 277 1495 mtnquam
290 1444 402 1483 defieiens²³
410 1442 436 1492 ²).
454 1446 496 1483 lmo
515 1446 560 1484 siue
573 1446 666 1484 oratioue
679 1446 758 1484 animus
771 1453 843 1484 noster
856 1458 894 1484 nou
908 1452 951 1484 tau-

143 1515 185 1546 tum
197 1507 295 1557 tepescit,
308 1519 331 1544 ao
345 1507 435 1545 terrenis
449 1507 523 1545 diffluit
536 1508 654 1553 desideriis,
667 1509 703 1545 sed
720 1508 765 1545 fons
778 1509 894 1560 gratiarum
911 1521 952 1546 tna·

143 1571 177 1622 gis
190 1570 299 1620 magisque
317 1569 421 1607 exsiccari
433 1570 494 1614 solet,
507 1570 535 1607 ita
548 1577 568 1607 ut
581 1572 600 1607 in
613 1577 670 1608 tanta.
683 1577 768 1608 natutae
781 1577 866 1608 nostrae
879 1583 951 1609 corru-

143 1632 212 1682 ptione
225 1632 307 1669 nonnisi
321 1631 465 1669 funestissima
484 1632 553 1669 clades
573 1632 691 1681 exspectari
711 1633 783 1681 possit.
804 1635 835 1670 Ex
854 1634 952 1684 neglectu

143 1693 244 1731 orationis
257 1693 360 1744 originem
372 1705 430 1730 suam
443 1693 527 1730 tralumt
540 1706 610 1731 ornnes
622 1694 706 1743 lapsus:
727 1694 807 1732 „Orate
826 1701 846 1732 et
858 1694 952 1745 vigilate,

143 1768 168 1792 ne
181 1756 199 1792 in
212 1755 346 1791 tentationem
358 1754 463 1791 intretis.'’

219 1812 239 1854 2.
254 1816 304 1853 Cum
316 1828 375 1852 nemo
387 1816 478 1864 propriis
491 1816 569 1854 uiribus
582 1817 674 1854 sineDei
687 1817 774 1867 gratias
783 1822 868 1866 peccato
881 1828 952 1853 resur-

143 1890 195 1929 gere
208 1884 228 1914 et
241 1877 265 1914 ad
278 1877 367 1928 gratiam
380 1878 475 1926 reparari
488 1879 561 1926 possit,
574 1885 680 1926 peccator¹
694 1885 715 1915 ut
727 1878 838 1927 apeccatis
852 1884 951 1927 resurgat

144 1946 164 1976 et
175 1940 195 1976 in
208 1938 297 1989 gratiam
309 1938 349 1975 Dei
361 1938 440 1982 redeat,
453 1939 477 1975 ad
489 1939 545 1976 illum
559 1939 676 1989 confugiat,
697 1939 729 1988 qui
742 1939 802 1976 dixit:
823 1938 916 1981 ‚aetite
933 1945 953 1975 et

143 2001 225 2038 dabitur
237 2000 317 2045 vobis,”
331 2000 426 2049 dicatque
439 2012 484 2038 cum
501 1999 620 2049 Propheta:
640 2001 759 2039 „Converte
775 2013 805 2038 me
821 2000 909 2037 Domine
928 2000 952 2037 ad

143 2064 181 2107 Te,
195 2069 215 2099 et
228 2061 360 2100 convertar.''
375 2062 459 2110 „Neque
472 2062 571 2113 fugienda
584 2062 664 2110 penitus
678 2073 713 2099 ars
726 2062 840 2100 medicinae
856 2068 898 2107 est,
917 2073 951 2099 ne-

143 2136 182 2174 que
194 2135 277 2161 rursum
291 2124 359 2161 onmia
370 2123 390 2159 in
404 2136 427 2160 ea
440 2123 514 2160 salutis
534 2123 637 2173 praesidia
656 2124 785 2168 collocanda,
803 2124 840 2161 sed
856 2123 951 2173 quemad·

142 2187 222 2223 modum
236 2185 285 2223 lieet
297 2184 435 2236 gubernatori
447 2184 514 2221 navim
528 2185 688 2229 conunittarnus,
700 2186 767 2222 Deum
780 2192 855 2228 tamen,
875 2191 896 2222 ut
914 2196 951 2221 nos

143 2247 221 2284 exalto
234 2247 301 2284 salvet
312 2246 434 2290 incolumes.
448 2258 544 2291 oramus;
557 2248 587 2284 sic
601 2258 646 2284 otuu
659 2246 804 2284 riteeb'oomtnu
815 2245 897 2284 sellulis
907 2257 951 2282 on-

143 2307 227 2346 turnlie
239 2307 366 2353 adhibemus,
378 2307 439 2357 idque
451 2308 504 2345 ratio
517 2308 563 2345 fieri
576 2309 678 2351 concedit,
691 2308 808 2357 neutiquam
822 2322 833 2345 a
845 2320 881 2356 spe
896 2306 951 2343 illius

144 2382 196 2420 erga
208 2383 245 2407 uos
257 2369 356 2407 bonitatis
369 2370 465 2406 debemus
478 2370 600 2407 recedere.”
613 2370 663 2406 Item
677 2382 721 2407 cum
735 2370 837 2407 stabilitas
851 2375 870 2405 ot
883 2368 952 2417 profe·

145 2437 189 2467 otus
201 2432 220 2468 in
233 2433 285 2469 bono
299 2443 363 2480 aeque
376 2431 403 2468 sit
415 2430 497 2468 divinae
510 2432 593 2482 gratiae
613 2431 694 2475 domun,
713 2443 736 2468 ac
750 2432 815 2479 prima
834 2429 952 2479 peccatoris

145 2493 260 2537 conversio,
272 2498 336 2541 patet,
349 2492 463 2529 orationem
477 2492 521 2530 sire
533 2493 653 2541 petitionem
673 2492 735 2529 divini
748 2492 818 2529 auxilii
831 2502 869 2527 uon
885 2489 951 2527 tatinus

143 2552 213 2589 utilem
226 2567 250 2592 ao
262 2553 405 2592 necessarium
418 2565 465 2590 esse
479 2554 585 2602 peccatori
602 2565 715 2597 corruet-so,
736 2560 756 2590 ut
768 2554 788 2590 in
801 2553 876 2601 adepta
890 2551 951 2599 justi·

143 2614 172 2651 tia
185 2619 241 2650 stare
252 2616 321 2652 valeat
333 2622 352 2652 et
364 2615 479 2664 proficere,
496 2627 554 2663 quam
574 2615 662 2651 nondum
680 2626 793 2657 convorso,
813 2619 832 2649 ut
848 2612 952 2660 justitiam

143 2675 242 2713 amissam
254 2683 372 2724 recuperet.
386 2675 458 2725 „Opus
472 2681 511 2719 est,
525 2676 553 2713 ait
565 2675 588 2712 S.
601 2676 731 2719 Ambrosius,
745 2674 890 2712 misericordia
904 2674 951 2719 Dei,

142 2744 164 2774 ut
177 2736 274 2774 continua
287 2737 313 2773 sit
326 2738 345 2773 in
359 2738 397 2775 hoc
410 2749 499 2785 corpore
511 2736 635 2780 vivificatio,
655 2750 693 2786 quo
712 2735 802 2787 qnotidie
817 2735 888 2782 justus
906 2736 951 2772 Deo

167 2884 181 2921 ¹)
193 2881 232 2914 Cfr.
248 2880 272 2913 du
286 2880 360 2914 Jardln.
375 2882 397 2914 de
411 2882 474 2915 officio
490 2882 598 2915 sacerdotis
612 2881 734 2915 confessarii,
748 2880 838 2913 lllecltlin.
858 2883 912 2915 1825ss
929 2901 951 2904 —

192 2930 220 2964 Cl.
232 2930 294 2974 stapf.
306 2930 374 2964 Tlreol.
384 2932 452 2964 morat,
461 2933 516 2965 Torta.
525 2932 558 2965 lV.
567 2950 591 2954 —
600 2932 615 2974 ²)
625 2933 655 2965 De
664 2931 713 2964 lmit.
724 2929 768 2965 libra*
776 2931 793 2963 b.
805 2939 821 2962 o.
829 2932 853 2962 ⁴4¹:
