2056 3193
123 88 167 133 282
179 96 183 100 ’

119 201 161 245 nis,
174 212 226 249 quae
238 206 287 236 sunt
302 218 337 228 ···
355 202 480 244 ebrietates,
493 200 669 244 comessationes,
682 213 735 253 quae
747 200 848 254 praedico
857 201 927 249 votis,

119 261 174 304 sieut
186 261 287 315 praedixi,
300 263 396 314 quoniam
408 263 443 315 qui
455 262 504 303 talia
516 271 589 317 agunt,
602 264 738 317 regnumDei
746 280 785 307 non
798 280 926 318 consequen·

119 324 200 372 tumst).
218 326 358 374 ardentque:
378 326 453 364 „Multi
472 327 586 370 ambulant,
607 339 657 374 quos
675 339 738 374 saepe
757 329 850 366 dicebam
868 328 927 364 vebis

118 387 185 428 [nune
198 390 267 418 autem
280 390 300 418 et
311 385 365 419 flens
378 384 436 429 dieo]
449 383 545 421 inimicos
558 385 629 420 erucis
642 382 732 421 Christi·
742 402 747 412 ·
758 382 857 434 ·quorum
868 386 927 423 Dens

117 449 191 485 venter
204 445 250 485 est“
259 441 285 495 ²).
303 443 417 486 Manifesta
432 452 466 486 est
480 446 579 498 parabola
592 446 616 486 de
627 446 709 487 Lazaro
721 461 812 499 paupere
825 456 846 488 et
857 450 928 496 divite,

118 510 151 557 qui
164 510 287 557 epulabatur
299 509 389 557 quotidie
401 511 464 546 laute.
477 532 506 537 -
517 509 604 546 Juvabit
616 516 685 546 autem
696 510 821 557 plurimum,
841 511 859 546 si
877 511 927 548 vitio

117 569 179 615 gulae
192 575 228 602 aut
240 568 348 602 ebrietatis
360 568 437 603 addieti
448 568 499 603 haee
516 572 683 613 praememorata
696 567 820 616 Scripturae
833 568 927 603 testimo-

117 625 163 675 nia,
184 632 219 667 ant
231 626 299 680 aliqua
314 638 339 668 ex
355 626 396 669 illis
409 626 480 669 sedulo
492 626 606 668 memoriae
620 626 775 676 commendent,
794 636 828 677 ut,
846 629 928 682 quoties

117 691 235 729 inordinata
247 692 287 729 cibi
300 699 335 729 aut
347 699 407 740 potus
420 692 516 740 voluptas
529 692 596 728 animo
609 704 632 728 se
644 692 771 741 ingesserit,
785 699 806 729 et
818 693 842 730 ad
854 693 927 730 solitos

117 762 219 786 excessus
232 752 387 796 provocaverit,
400 762 447 789 mox
459 756 539 785 attenta
551 750 664 785 eorundem
677 751 842 785 testimoniorum
855 762 927 786 recor·

117 807 172 848 datio
191 807 274 849 servire
292 808 359 863 possit
376 821 413 862 pro
432 808 499 850 valido
519 808 630 851 munimine
643 822 667 851 ac
680 809 788 864 repagulo.
802 808 927 852 —Pariter

117 875 203 912 multum
214 875 302 923 prodest
312 875 333 911 in
344 873 384 911 hae
396 886 460 912 causa
472 874 562 912 studium
573 886 646 911 rerum
658 874 811 922 spiritualium:
829 887 876 911 nam
888 887 926 928 gu·

117 940 172 969 stato
185 934 260 979 spiritu
273 933 354 979 dissipit
366 934 433 975 omnis
446 945 502 969 caru.
531 933 590 978 Quod
601 933 690 968 medium
702 934 812 981 eleganter
824 933 891 968 suasit
903 932 926 967 S.

119 990 239 1045 Gregorius
251 990 283 1028 bis
295 990 381 1038 verbis3
396 990 466 1042 „Gula
477 1003 515 1045 per
528 990 674 1032 abstinentiam
687 991 801 1047 frangitur,
813 990 850 1033 sed
862 990 925 1033 absti-

117 1056 207 1094 nentiam
220 1056 313 1094 ciborum
327 1057 466 1106 corporalium
481 1055 559 1095 habere
572 1069 611 1094 non
623 1063 703 1105 potest,
723 1057 756 1106 qui
777 1063 866 1094 mentem
885 1057 926 1105 spi-

117 1117 228 1152 ritualibus
247 1116 300 1152 cibis
319 1128 358 1152 non
378 1117 445 1164 replet
452 1131 458 1159 3
481 1123 578 1162 potenter
597 1116 651 1152 enim
670 1128 746 1162 corpus
765 1122 874 1158 extenuat,
893 1116 927 1163 qui

116 1186 186 1211 amore
201 1174 323 1211 coelestium
336 1185 372 1212 eor
384 1174 508 1222 inflammat,
528 1174 571 1228 qui,
586 1173 633 1212 dum
645 1173 763 1228 spiritualia
776 1173 854 1229 diligit,
873 1172 926 1214 desi-

118 1238 176 1278 deria
189 1238 259 1278 earnis
271 1239 367 1277 volenter
378 1240 476 1288 p1·emit.“
492 1263 522 1268 -
540 1239 635 1289 Denique
647 1239 705 1277 utilis
719 1246 752 1277 est
763 1252 843 1288 quoque
856 1239 926 1288 poeni·

115 1300 168 1336 tenti
179 1300 290 1347 perpensio
302 1300 417 1342 malorum,
436 1312 488 1347 quae
507 1301 557 1349 gula
575 1305 596 1335 et
608 1300 700 1335 ebrietas
712 1299 848 1348 progignunt.
873 1297 927 1343 Quot

116 1358 170 1394 trrala
183 1369 208 1393 cx
220 1358 284 1408 gulae
296 1357 357 1394 vitio!
371 1356 460 1407 Corpori
473 1357 568 1403 morbos,
581 1357 645 1395 menti
656 1357 755 1396 tenebras
768 1358 840 1405 affert3
853 1362 927 1396 sancta

115 1420 220 1461 desideria
233 1421 346 1474 extinguit,
360 1434 445 1461 earnem
457 1422 507 1461 facit
518 1423 618 1461 rebellem
631 1422 715 1471 spiritui
727 1422 822 1460 luxuriae
835 1421 927 1459 fomenta

115 1482 300 1519 subministrando.
335 1482 389 1518 Gula
410 1483 505 1519 omnibus
530 1482 576 1518 aliis
595 1482 651 1518 vitiis
670 1488 690 1517 et
707 1481 801 1528 peccatis
820 1481 926 1517 fenestras

105 1541 233 1589 >ostiumque
245 1541 324 1591 aperit,
342 1540 486 1592 hominemque
505 1540 529 1577 ad
546 1540 621 1578 bonum
637 1539 723 1592 quodvis
742 1539 833 1592 ineptum
851 1538 924 1579 reddit.

116 1603 192 1655 „Gula
205 1604 234 1644 ait
244 1605 378 1645 Innocentius
390 1605 414 1644 P.
427 1636 431 1644 .
445 1605 569 1644 Paradisum
582 1605 664 1651 clausit,
676 1605 864 1656 primogenituram
876 1617 925 1643 ven-

116 1667 173 1709 didit,
186 1666 294 1714 suspendit
305 1667 414 1713 pisturem,
427 1666 538 1702 decollavit
550 1666 572 1702 S.
581 1666 684 1702 Joannem
695 1665 835 1713 Baptistarn.⁴‘
846 1666 864 1701 Ε
877 1676 925 1701 eon·

114 1731 148 1761 tra
162 1724 302 1761 consideratio
314 1725 415 1761 bonorum
427 1724 579 1781 temperantiae
593 1735 651 1761 arma
659 1734 740 1776 quoque
751 1722 839 1775 praebet
851 1729 925 1763 eontra

114 1788 176 1841 gulae
188 1786 268 1827 vitium.
297 1787 429 1828 Abstinentia
440 1795 514 1839 parata
526 1791 561 1838 (ut
572 1787 661 1837 dieitur]
673 1788 761 1838 pecunia
773 1788 924 1835 difficultatem,

115 1862 174 1898 quam
186 1851 245 1886 initio
258 1850 332 1893 vincit,
345 1855 493 1897 recompensat
500 1864 506 1893 3
519 1850 603 1885 alleviat
615 1850 669 1886 enim
681 1860 765 1896 corpus,
777 1855 925 1896 praeservata

114 1907 203 1950 morbis,
229 1913 342 1945 conservat
366 1908 488 1952 sanitatem,
510 1907 574 1945 vitam
591 1906 697 1958 producit,
721 1912 807 1944 recreat
825 1906 923 1953 animam,

116 1977 225 2023 aptamque
242 1970 310 2011 reddit
328 1971 352 2012 ad
364 1971 480 2012 orationem
493 1978 513 2011 et
525 1972 629 2012 coelestes
642 1970 796 2010 consolationes
809 1971 924 2022 suscipien-

114 2034 161 2077 das3
174 2033 280 2069 subtrahit
291 2033 346 2068 hosti
359 2045 423 2075 arma,
435 2033 476 2080 ipsi
487 2033 570 2068 seilicet
582 2032 650 2074 carni,
661 2043 720 2078 quam
733 2031 817 2076 subjicit
828 2031 924 2078 spiritui:

115 2097 138 2129 ut.
150 2090 246 2143 gloriosa
259 2091 334 2128 audeat
345 2090 410 2128 divini
422 2090 516 2142 obsequii
527 2090 622 2128 facinora
634 2089 729 2144 aggredi.

188 2150 213 2204 2]
233 2154 331 2202 Accedit,
349 2162 373 2194 ut
390 2162 477 2206 peecata
489 2155 552 2207 gulae
566 2162 586 2195 et
598 2154 707 2194 ebrietatis
718 2155 826 2206 ipsamque
839 2155 857 2193 si
869 2156 924 2194 forte

114 2223 272 2259 contraxerunt,
280 2228 365 2264 pravam
379 2216 557 2259 consuetudinem,
569 2216 653 2263 saepius
666 2227 692 2251 ex
703 2215 770 2251 animo
784 2216 923 2257 detestentur,

114 2287 160 2313 eum
179 2274 260 2313 efficaci
279 2275 386 2326 proposito
399 2275 496 2327 deinceps
508 2280 596 2327 peecata
608 2274 643 2312 illa
653 2273 732 2313 vitandi
744 2279 764 2312 et
776 2273 833 2322 serio
845 2273 922 2314 allabo-

115 2339 174 2379 randi
186 2339 210 2379 ad
228 2339 384 2379 consuetudinis
400 2339 583 2390 exstirpationem,
601 2339 662 2388 idque
679 2351 749 2377 amore
767 2337 833 2384 illius,
851 2339 885 2388 qni
902 2339 922 2377 in
983 2377 988 2380 ,

114 2401 178 2435 terris
197 2402 323 2436 constitutus
341 2401 417 2436 famem
436 2400 531 2436 et'sitim
543 2399 652 2447 aliquando
670 2397 763 2445 perpeti,
783 2404 803 2433 et
820 2398 839 2434 in
859 2409 923 2435 eruce

115 2464 173 2496 aceto
186 2463 206 2495 et
217 2459 265 2497 felle
277 2458 346 2511 potari
358 2458 455 2514 dignatus
468 2464 507 2506 est,
520 2464 543 2498 ut
553 2457 613 2498 nobis
625 2463 711 2511 pararet
723 2463 831 2498 aeternum
842 2456 863 2498 in
875 2468 922 2499 cue·

114 2522 141 2562 lis
154 2523 271 2563 convivium
283 2525 373 2563 omnium
385 2524 515 2563 deliciarum.

188 2579 214 2626 3]
233 2583 364 2634 Injungatur,
376 2590 399 2619 ut
410 2584 465 2620 onmi
477 2582 544 2618 studio
557 2581 618 2628 hujus
629 2581 676 2616 vitii
687 2580 810 2617 occasiones
823 2580 922 2624 devitent,

112 2648 162 2696 puta
174 2640 273 2682 tabernas
286 2648 306 2681 et
317 2643 386 2684 socios
398 2643 460 2699 gulae
473 2654 497 2684 ae
510 2639 609 2683 ebrietati
620 2639 724 2690 addictos,
742 2639 776 2695 qui
792 2640 826 2682 vel
845 2640 869 2683 ad
888 2653 922 2683 ae·

114 2709 186 2759 quales
205 2707 293 2745 haustus
311 2719 437 2755 provocare,
456 2716 476 2746 et
494 2707 574 2757 poculis
594 2713 678 2744 certare
694 2707 762 2743 solent
774 2707 807 2743 vel
822 2706 922 2754 potitandi

112 2769 189 2804 nullam
207 2777 328 2803 mensuram
347 2778 434 2803 servare
454 2779 478 2804 ae
497 2768 558 2803 finem
577 2766 648 2803 faeere
668 2765 778 2807 nesciunt,
792 2764 855 2812 juxta
872 2764 921 2801 iliud

139 2903 153 2946 ι)
164 2903 206 2936 eat.
217 2904 249 2936 iv.
260 2905 290 2937 21.
302 2921 323 2924 -
333 2905 349 2940 η
358 2902 427 2944 Philip.
436 2903 469 2934 m.
481 2905 508 2934 to.
