2017 3193
842 115 885 162 193

79 229 142 276 vitain
160 249 219 275 suam
239 236 365 289 transigunt.
400 235 531 275 Confessarii
550 237 643 275 omnibus
665 234 813 275 confitentibus
832 233 887 272 idem

79 299 251 348 praescribentes
264 299 386 345 remedium,
395 299 453 349 juste
466 305 613 348 comparantur
625 298 764 343 medieastro,
777 297 812 348 qui
824 307 886 346 quae·

80 372 167 410 cumque
180 360 298 398 morborum
310 373 389 413 genera
401 359 473 398 eadem
486 371 561 397 curare
573 360 646 397 nititur
658 359 729 398 herba.

153 420 219 469 Quum
231 433 281 459 veru
294 423 424 461 confessario
436 420 456 457 in
473 419 653 457 satisfactionibus
665 420 797 471 injungendis
810 431 885 470 peeca-

80 488 147 519 torum
159 489 266 528 naturam,
283 490 380 534 quantum
397 481 444 520 fieri
461 486 539 530 potest,
557 479 710 529 respiciendam
722 493 769 518 esse
782 481 885 531 praecipi-

79 554 138 588 mus,
155 543 170 580 ii
186 556 226 582 non
243 557 324 590 sumus,
343 545 376 594 qui
393 545 422 581 ita
439 541 478 579 hoc
495 541 586 592 intelligi
603 540 706 585 velimus,
724 553 747 578 ac
765 542 783 578 si
799 542 885 592 quodvis

79 610 187 653 peceatum
199 606 327 657 singularem
345 616 425 655 qnoque
443 602 609 641 satisfactionem
626 602 727 652 requirat.
746 602 794 639 Tali
810 604 885 641 etenim

79 664 436 714 modopoenitentiumobrueretur
449 664 560 709 memoria,
579 664 660 701 animus
678 662 802 711 scrupulosa
814 663 885 701 obtun-

79 725 164 763 deretur
181 728 295 773 anxietate,
313 734 333 764 et
348 727 381 764 vel
393 740 417 764 eo
429 726 588 775 perduceretur,
606 731 629 762 nt
645 725 669 761 ub
682 723 766 761 nimiam
778 730 886 773 praestan-

78 786 150 824 dorum
163 789 241 839 copiam
253 789 302 826 nihil
314 788 395 825 omnino
407 793 561 837 praestaretur.
585 786 627 823 Sed
640 784 767 822 solummodo
780 785 888 836 seligenda

79 853 127 885 sunt
143 861 216 898 opera,
234 861 285 899 quae
303 849 441 886 dominantem
458 848 478 884 in
496 847 563 884 anime
579 847 740 896 propensionem
758 846 832 883 malam
850 857 888 882 ceu

79 908 155 946 fontem
173 910 261 947 aliorum
277 915 412 958 peccatorum
429 908 571 951 uberrimum,
588 909 622 945 vel
638 913 748 956 peccatum
766 902 826 951 tale,
836 906 888 955 quod

79 981 143 1007 causa
155 970 243 1007 aliorum
255 975 335 1013 exstat,
352 969 476 1019 impugnare
488 969 565 1005 valent.
582 968 638 1006 Fieri
651 968 705 1005 enim
717 967 799 1004 minime
811 972 888 1016 potest,

78 1036 100 1067 ut
115 1029 251 1067 exhauriatur
268 1029 361 1074 rivulus,
379 1030 419 1067 nisi
431 1029 477 1066 fons
490 1029 619 1074 obstruatur,
637 1035 657 1066 et
670 1027 780 1079 aegritudo
793 1033 888 1070 sanetur,

78 1089 118 1127 nisi
135 1090 259 1139 principium
277 1090 321 1138 ejus
339 1090 430 1128 tollatur.

405 1209 558 1264 Continuatio

153 1333 170 1386 ξ.
185 1331 235 1373 138.
252 1335 375 1380 Praeterea,
394 1342 415 1373 ut
427 1335 546 1374 satisfactio
559 1337 634 1374 eti'ectu
647 1347 684 1372 sun
697 1334 750 1372 haud
763 1334 887 1376 frustretur,

79 1395 141 1434 etiam
157 1408 240 1434 coaeeoe
260 1399 404 1447 peecatorum
423 1400 531 1436 externae
552 1403 572 1434 et
595 1398 725 1435 occasiones
749 1394 886 1434 attendendae

80 1463 137 1502 sunt,
155 1464 177 1495 ut
188 1458 224 1495 illa
235 1458 348 1497 vitiositati
361 1471 456 1511 congrua
468 1459 541 1497 haberi
552 1459 625 1509 possit.
642 1459 706 1504 Nam,
724 1470 776 1508 quae
794 1456 888 1496 occasio-

79 1519 139 1557 nibus
156 1525 290 1569 peccatorum
308 1526 328 1558 et
346 1521 415 1559 causis
433 1521 573 1573 infringendis
586 1528 607 1559 et
618 1519 777 1572 praecludendis
790 1533 828 1570 par
845 1524 888 1563 est,

80 1588 100 1619 et
112 1581 225 1620 medicinae
238 1583 340 1621 rationem
352 1582 421 1630 habet,
440 1590 461 1621 et
472 1583 550 1622 ceteris
562 1584 635 1634 poenis
648 1582 755 1621 molestior
768 1595 815 1620 esse
828 1581 889 1619 solet.

80 1643 117 1682 Sic
128 1642 214 1689 hortiini,
233 1656 292 1695 quem
304 1645 358 1683 rriala
371 1645 499 1684 consociatio
511 1646 531 1683 in
543 1653 631 1696 peccata
643 1644 759 1696 protraxit,
776 1647 888 1683 socierum

77 1707 134 1756 supe
149 1706 170 1743 in
187 1705 353 1745 satisfactionem
365 1707 495 1757 imponatnr3
515 1708 549 1758 qui
566 1709 606 1746 sibi
622 1708 643 1746 in
660 1707 778 1746 devitandis
795 1706 889 1757 peccatis

80 1767 173 1805 externis
185 1767 239 1806 hand
251 1768 340 1814 sufficit,
358 1769 420 1815 alios,
438 1771 471 1820 qui
483 1771 551 1820 ipsum
564 1776 673 1815 moneant,
691 1770 715 1807 de
733 1768 837 1807 severiori
854 1781 889 1806 cn-

80 1828 147 1867 sto'dia
163 1829 196 1880 pie
213 1842 304 1881 rogare3
327 1831 359 1867 vel
377 1831 410 1881 qui
427 1831 447 1868 in
465 1831 575 1870 solitudine
591 1831 686 1882 peccatis
703 1831 809 1882 indulget,
835 1830 890 1868 vitae

80 1897 155 1929 testem
173 1891 213 1929 sibi
231 1897 252 1929 ut
269 1892 378 1943 adjungat,
401 1905 438 1942 per
457 1894 537 1932 medum
555 1893 708 1932 satisfactionis
727 1892 833 1944 obstringi
850 1904 889 1929 riun

80 1952 183 1992 inutiliter
200 1953 283 2002 poterit.

153 2014 212 2053 Haec
224 2021 312 2053 naturae
324 2016 406 2064 peccati
418 2016 551 2067 ejusdemque
563 2017 661 2055 relationi
678 2023 778 2054 externae
796 2028 890 2067 congrua

80 2077 207 2126 satisfactio
221 2076 305 2115 tammo
317 2077 452 2128 adhibendo,
471 2078 577 2130 praetendite
592 2078 675 2127 indiget
689 2091 716 2117 ee
730 2081 816 2128 peccati
832 2090 891 2115 anor·

81 2138 132 2187 tite,
152 2138 185 2176 cui
202 2138 301 2175 medendo
319 2138 434 2177 adhibetur.
453 2138 519 2188 erum
537 2140 591 2178 enim
608 2139 727 2178 satisfactio
740 2139 764 2177 ad
777 2139 891 2178 sanandum

81 2201 143 2238 etiam
161 2205 181 2237 et
198 2191 294 2237 tuendam
312 2200 423 2239 sanitatem
440 2201 579 2247 adhibeatur,
601 2201 678 2240 tamdiu
701 2202 821 2250 usurpanda
844 2207 890 2244 est,

81 2261 177 2312 quamdiu
189 2260 273 2299 lethalia
284 2261 319 2298 illa
331 2268 466 2310 peccatorum
478 2269 617 2312 symptomata
628 2275 651 2300 se
663 2263 760 2312 produnt.
777 2263 821 2301 Nee
833 2262 891 2299 suffi-

81 2323 110 2361 cit
122 2335 174 2362 cura
185 2333 298 2372 pancorum
311 2321 401 2368 dierum:
414 2324 510 2372 quoniam
522 2336 623 2373 praesens
635 2324 680 2360 lues
692 2324 799 2373 praesenti
811 2323 893 2374 indiget

80 2384 184 2429 remedio,
202 2383 372 2434 quemadmodum
389 2384 483 2422 videnms
501 2385 572 2423 curari
589 2384 673 2423 morbos
691 2385 798 2433 corporis,
817 2385 892 2435 quibus

81 2445 187 2483 medendis
200 2444 336 2483 medicamina
348 2445 491 2491 admoventur,
504 2447 568 2484 donec
580 2447 712 2484 laborantem
725 2445 833 2484 deserunt.
845 2445 892 2483 Hoc

82 2512 150 2544 autem
169 2506 267 2545 monitum
285 2520 311 2544 ex
327 2507 447 2558 praecipuis
464 2515 507 2553 est,
525 2520 577 2558 quae
590 2507 734 2547 confessarios
748 2513 893 2551 concernunt,

82 2577 169 2615 quornm
181 2568 240 2607 multi
252 2574 332 2606 temere
344 2581 468 2618 persuasum
485 2570 571 2615 habent,
589 2570 658 2609 dieto:
677 2572 737 2621 „Ego
755 2576 775 2607 te
793 2569 892 2607 absolves

81 2626 137 2665 illico
149 2629 250 2679 planeque
263 2630 358 2668 sanatum
376 2643 423 2668 esse
441 2632 521 2669 animae
538 2631 632 2681 paralysi
648 2631 788 2676 laborantem,
807 2642 894 2680 eumque

82 2686 180 2737 deinceps
191 2690 242 2728 nihil
253 2698 366 2741 praeterea
378 2692 458 2744 agendo
470 2692 569 2731 incedere
581 2705 655 2743 posse,
668 2699 688 2730 et
699 2692 766 2730 libere
779 2693 894 2731 decurrere

82 2759 119 2797 per
131 2750 217 2788 semitas
229 2753 373 2791 mandatorum
385 2753 432 2792 Dei.
451 2754 526 2792 Gratia
538 2754 700 2793 sacramentalis
714 2754 799 2802 adjuvat
812 2753 893 2804 quidem

82 2808 232 2858 poenitentem,
250 2815 284 2863 qui
296 2828 321 2853 ea
332 2814 439 2860 imbuitur,
457 2815 482 2853 ad
494 2816 646 2854 observandam
659 2816 729 2867 legem
742 2815 839 2859 divinam,
857 2812 893 2849 sed

83 2876 104 2908 et
114 2881 165 2919 opus
177 2877 217 2916 cst,
234 2879 257 2910 ut
268 2873 351 2926 gratiae
364 2876 445 2915 divinae
458 2877 615 2915 contrariarum
627 2877 709 2916 actibus
721 2876 823 2914 virtutum
836 2874 891 2911 aliis-

83 2943 122 2983 que
138 2930 218 2969 idoneis
235 2937 433 2981 exercitationibus,
452 2938 536 2977 assiduo
554 2938 622 2976 studio
639 2950 726 2988 pravam
744 2936 892 2986 cupiditatem,

720 2993 748 3036 13
