2056 3193
122 86 166 131 328

122 215 174 252 quae
187 202 320 240 considerata
331 201 455 250 poenitentis
468 201 585 239 conditione
603 206 623 237 et
641 200 709 240 indole
722 201 767 240 usui
783 213 830 239 esse
842 202 929 252 possint.

121 265 152 301 En
164 263 243 313 igitur:

194 324 295 361 Naturam
314 323 338 360 ad
358 323 488 373 surgendum
506 322 607 360 maturius
625 333 687 370 saepe
704 322 796 373 pigram,
819 329 930 372 praesente

117 385 160 433 jam
178 384 219 421 fixo
238 383 337 432 temporis
353 390 466 428 momente,
487 388 531 420 utut
549 383 687 420 reluctantem
709 394 734 419 ac
752 389 894 427 cunctantem,
920 397 930 420 e

122 444 178 482 molli
190 444 284 492 dulcique
297 443 350 480 lecto
364 455 482 494 exsurgere
495 442 545 490 jube
558 448 579 479 et
591 442 701 491 compelle,
721 448 740 479 et
759 443 827 480 uictor
839 443 930 491 prodibis

122 504 236 553 tuiipsius.
254 503 339 552 Absque
356 504 440 542 ratione
453 503 565 540 sufficienti
584 503 639 539 ultra
658 509 737 551 septem
755 502 818 540 horas
837 515 930 541 somnum

122 576 225 614 nunquam
238 563 362 612 protrahito.
375 564 414 601 Ubi
426 562 570 613 evigilaveris,
583 574 655 599 manns
669 568 714 599 tuas
727 563 803 600 extolle
816 563 840 601 ad
851 564 929 607 Deum3

122 625 200 673 cogita,
214 624 272 672 quasi
284 623 321 660 tibi
332 624 427 673 Angelus
440 622 495 660 dicat
506 622 567 666 idem,
581 621 633 671 qnod
646 621 692 658 clim
705 622 782 658 Petro:
798 623 883 672 „Surge
895 635 929 659 ve·

121 684 203 727 lociter,
216 689 237 719 et
249 693 399 732 sequerernee
414 682 508 731 Sequere
517 688 538 718 et
549 688 570 718 tn
582 681 634 719 hanc
648 680 727 725 vocem,
740 688 760 719 et
776 694 841 731 surge
853 682 930 720 veloci-

121 750 160 781 ter.
174 745 190 780 Ε
203 744 257 780 lecto
271 742 377 794 surgendo
389 741 510 779 memineris
522 741 686 779 resurrectionis
699 741 752 779 Jesn
766 741 844 780 Christi
857 753 930 780 anaor·

122 805 174 848 tuis,
192 811 213 842 et
224 810 272 852 pete
285 804 309 840 ab
321 804 351 840 Eo
364 802 447 840 felicem
459 802 645 841 resurrectionem.
665 802 757 840 Sanctae
771 803 846 841 Crucis
859 803 929 855 signa-

123 865 189 903 culum
203 871 223 902 et
234 864 299 902 fronti
311 870 331 902 et
343 863 375 901 ori
388 870 408 902 ct
419 863 501 914 pectori
513 863 587 902 deuote
598 864 721 914 imponendo
734 870 836 902 interuentu
849 876 931 915 semper

123 927 200 965 auroris
212 927 266 965 Jesn
279 925 368 972 Christi,
387 926 422 978 qui
440 926 507 965 nostri
525 939 596 965 artiore
614 926 634 965 in
647 926 723 965 Crucis
734 927 826 977 patibulo
844 927 931 966 animam

123 989 179 1042 egit,
198 995 219 1026 et
236 989 326 1028 firmiter
345 989 382 1027 tibi
399 1001 490 1039 propone
508 989 586 1035 uitam,
602 1001 660 1039 qnam
679 989 750 1027 dicunt
768 989 889 1028 crucifixam
908 1002 931 1028 ac

124 1051 270 1090 mortificatam
290 1063 361 1102 agere.
390 1051 541 1089 Paratissimus
560 1058 604 1089 esto
624 1050 662 1089 hoc
680 1050 712 1089 die
732 1051 756 1089 ad
774 1052 931 1101 perferendum,

123 1112 219 1162 quidquid
236 1113 282 1149 Deo
300 1111 403 1160 placuerit
421 1111 546 1157 inunittere,
568 1113 601 1149 vel
619 1113 754 1161 permittere,
778 1113 931 1157 molestiarum,

123 1173 279 1216 difficultatum,
298 1184 455 1217 aerumnarum,
474 1173 653 1221 persecutionum,
667 1172 835 1217 tribulationum,
849 1172 931 1211 calami·

123 1240 197 1277 tatum,
215 1234 309 1270 dolorum
328 1232 390 1269 animi
403 1239 424 1270 et
436 1233 531 1281 corporis
543 1239 629 1281 propter
643 1232 758 1280 justitiam,
776 1233 890 1281 opitulante
902 1233 931 1270 di-

123 1294 170 1330 vina
188 1293 269 1343 gratia,
287 1293 354 1338 aninlo
367 1298 476 1329 constante
489 1299 510 1329 et
521 1292 685 1340 imperturbato,
703 1304 774 1329 amore
786 1292 839 1330 Jesu
852 1293 932 1330 Christi

122 1354 196 1402 pleno:
213 1352 362 1401 paratissimus
382 1364 427 1389 curn
446 1353 499 1389 Jesn
519 1352 603 1389 Christo
623 1352 674 1389 etin
688 1363 772 1390 crucem
785 1352 821 1402 agi
833 1359 932 1389 etrnorte

124 1412 185 1449 affici.
205 1412 294 1461 Cogita:
311 1414 412 1448 Fortasse
424 1411 476 1449 haec
489 1411 533 1449 dies
545 1418 578 1448 est
590 1411 663 1448 ultima
674 1410 729 1448 uitae
741 1423 810 1455 meac,
823 1412 891 1449 omnia
901 1412 932 1448 ita

124 1484 173 1522 age,
192 1478 213 1508 nt
226 1472 297 1521 egisse
310 1471 390 1519 optabis
402 1471 422 1508 in
434 1472 489 1509 lecto
502 1478 596 1508 extremo
604 1470 690 1519 jamjam
702 1471 824 1508 interiturus.
843 1471 931 1509 Gratias

124 1544 164 1583 age
182 1532 227 1569 Deo
246 1543 283 1580 pro
302 1531 396 1569 custodia
414 1532 508 1569 innecte
526 1531 682 1581 praeterlapsa,
701 1537 721 1568 et
734 1530 776 1576 dic,
795 1538 839 1569 aut:
857 1531 932 1569 Gloria

122 1592 183 1630 Patri
195 1598 215 1629 et
227 1593 278 1629 Filio
292 1598 312 1629 ct
324 1592 413 1641 Spiritui
426 1598 510 1636 sancto,
529 1598 576 1629 ant:
595 1592 698 1636 Sanetus,
717 1592 820 1637 Sanctus,
838 1592 930 1630 Sanctus

124 1660 164 1699 etc,
177 1659 225 1691 aut:
241 1654 287 1691 Deo
300 1652 392 1705 gratias,
410 1653 462 1705 qnod
475 1652 540 1692 adhuc
553 1652 632 1699 ninam,
649 1653 702 1705 qnod
713 1652 752 1692 hac
764 1661 826 1693 nocte
838 1667 879 1693 non
892 1654 931 1693 sim

124 1723 218 1754 intortuns
230 1716 250 1754 in
262 1716 363 1766 peccatis
387 1714 441 1765 Quot
452 1715 545 1755 homines
557 1716 597 1755 hae
609 1723 670 1755 nocte
683 1729 740 1755 mors
752 1729 823 1756 secum
836 1717 930 1763 abstulit,

123 1791 193 1816 coram
212 1778 309 1816 tribunali
329 1779 447 1817 tremendo!
464 1780 509 1816 Deo
528 1779 621 1830 gratias,
640 1779 692 1829 qnod
710 1785 791 1829 ternpus
810 1779 893 1831 gratiae
912 1786 932 1817 et

122 1840 281 1878 misericordiae
293 1841 381 1878 nondum
395 1840 516 1888 defluxerit,
535 1841 588 1891 quod
601 1840 666 1879 adhue
678 1847 813 1890 peecatorum
824 1842 931 1891 poeniten-

123 1902 171 1940 tiam
189 1901 264 1952 agendi
280 1902 402 1952 coelumque
416 1902 521 1947 lucrandi,
539 1909 560 1940 et
573 1908 653 1951 ternpus
666 1902 715 1940 mihi
727 1903 821 1951 supersit
833 1908 854 1939 et
866 1902 932 1940 media

122 1969 214 2012 praesto.
232 1963 333 1999 Vestiens
346 1969 366 2000 te
378 1964 418 2000 Dei
430 1963 549 2011 praesentis
561 1962 692 2007 memineris,
706 1969 726 1999 et
737 1963 813 2012 Angeli
827 1962 931 2000 Custodis.

124 2022 239 2060 Vestiendo
252 2034 331 2059 mentor
345 2028 389 2058 esto
403 2035 464 2060 casus
477 2022 591 2059 miserrimi
601 2022 668 2066 Ada'e,
687 2022 720 2072 qni
732 2023 838 2072 peccando
851 2024 931 2061 animas

122 2090 207 2121 nostras
219 2083 274 2121 stola
286 2083 419 2121 innocentiae
431 2083 538 2132 spoliavit,
551 2083 631 2120 restire
644 2089 664 2121 te
676 2089 750 2134 satage
762 2084 782 2120 in
795 2083 872 2133 spiritu
884 2096 931 2133 poe·

122 2144 234 2188 nitentiae,
247 2150 295 2192 pete
308 2156 319 2180 a
331 2143 385 2180 Jcsu
397 2144 499 2194 gratiani,
511 2144 612 2182 Eurrrrdem
623 2144 731 2188 induendi,
744 2145 805 2182 etita
818 2144 931 2195 cogitandi,

122 2204 237 2248 sentiendi,
255 2204 352 2253 loquendi
364 2210 385 2241 et
397 2204 483 2255 agendi,
500 2211 561 2253 prout
573 2206 620 2253 lpse
633 2210 653 2241 et
665 2205 777 2254 cogitarit,
791 2211 812 2242 et
824 2205 898 2249 sensit,
912 2212 932 2242 et

121 2266 205 2302 locutus
224 2270 267 2307 est,
285 2271 306 2301 et
324 2264 379 2313 egit:
398 2276 464 2312 neque
477 2264 602 2301 obliviscere
614 2264 669 2307 fore,
688 2271 710 2300 nt
725 2264 797 2300 forsan
812 2264 931 2312 propediem

123 2324 214 2361 cadauer
226 2329 283 2359 tunm
295 2324 336 2360 lino
349 2323 432 2360 funebri
447 2324 474 2360 sit
490 2324 646 2360 obvolvendum.
666 2323 740 2359 Coram
753 2323 859 2359 Crucifixo
872 2323 931 2373 geni-

121 2385 159 2420 bus
171 2383 233 2420 flexis
247 2394 283 2419 ora
294 2384 361 2426 lente,
375 2390 396 2420 et
408 2389 498 2428 attente,
512 2389 532 2420 et
544 2383 625 2428 devote,
639 2394 719 2420 sunnna
730 2382 793 2419 animi
805 2382 931 2421 demissione

122 2444 142 2480 in
156 2449 271 2492 corrspectu
283 2443 324 2480 Dei
337 2444 494 2492 onnnpotentis3
513 2444 564 2481 elice
577 2451 637 2481 actus
650 2443 751 2481 uirtutum
763 2443 931 2494 theologicarum

122 2504 179 2548 fidei,
197 2505 241 2553 spei
259 2510 280 2541 et
298 2503 422 2549 charitatisj,
440 2504 473 2542 fac
491 2504 574 2542 lirnnnn
590 2505 719 2554 propositum
738 2504 807 2541 onmia
817 2504 838 2541 in
850 2505 931 2543 nominc

121 2564 163 2603 Dei
175 2566 260 2618 agendi,
278 2565 346 2604 omnia
359 2579 369 2605 e
383 2578 445 2604 manu
456 2565 507 2615 Ejus
519 2572 607 2615 paterna
619 2565 746 2617 suscipiendi
751 2581 757 2613 ς
775 2566 883 2619 singulare
896 2581 931 2607 an·
956 2562 959 2566 ’

122 2636 162 2668 tem
179 2628 308 2679 propositum
323 2628 362 2669 hoc
377 2629 454 2668 illudve
469 2629 545 2667 bornun
560 2629 646 2681 agendi,
663 2628 702 2668 hoc
718 2630 800 2669 istudne
812 2631 888 2669 rrralurn
900 2631 930 2669 vi-

122 2691 179 2730 tandi
192 2697 284 2736 certum,
302 2693 354 2730 oller
368 2700 387 2731 te
400 2699 466 2730 toturn
479 2698 578 2742 qnantum
591 2691 718 2730 sacrificium
731 2692 800 2731 vivum
811 2694 864 2730 Deo.
879 2695 931 2732 Pre-

122 2766 157 2791 ces
171 2753 285 2791 matutinae
298 2753 420 2792 claudantur
433 2754 528 2792 oratione
541 2753 659 2798 Deminicu,
677 2754 808 2792 Salutatione
820 2755 931 2806 drigelica,

122 2821 142 2852 ct
154 2815 246 2863 symbolo
258 2815 406 2863 Apostolorum
412 2830 418 2860 3
436 2823 483 2865 pete
496 2828 507 2853 a
518 2815 607 2852 Domino
620 2822 692 2853 nostro
704 2816 757 2853 Jesn
771 2814 855 2853 Christo
867 2816 929 2854 bene·

122 2876 239 2914 dictionem.
258 2875 323 2925 Quam
342 2875 429 2925 primurn
447 2886 562 2926 ‘carnpanae
580 2888 644 2914 sorrus
664 2882 684 2913 te
704 2882 774 2914 tinniret
792 2876 931 2919 Salutationis
