2017 3193
822 83 866 128 1245

60 208 194 253 peccatorum
206 200 300 246 veniam,
312 223 341 227 —-
353 202 458 251 lacrymae
474 214 484 238 a
503 202 582 240 sanctis
599 202 651 241 uiris
670 202 723 240 banc
739 201 763 238 ob
783 212 866 238 eausam

61 267 139 303 effusae
151 286 181 291 —
193 263 303 301 manifesto
316 271 363 301 sunt
376 269 511 314 argumento,
529 264 667 314 ignorantiam
680 276 720 301 non
740 269 781 300 tam
797 274 867 311 saepe,

60 334 82 365 ut
93 328 183 370 videtur,
197 336 284 375 prorsus
296 325 435 363 invincibilem
448 329 469 360 et
480 323 639 362 involuntariam
652 338 707 363 esse.

137 388 160 434 d)
174 386 197 424 Si
210 393 277 424 tamen
289 387 397 436 poenitens
410 384 525 422 adhucdum
536 384 556 420 in
573 386 625 421 bona
642 386 681 423 fide
699 387 787 429 existat,
804 385 833 422 ita
845 390 867 422 ut

60 461 98 487 nec
111 449 231 499 interroget
243 455 277 485 aut
289 448 375 492 dubitet,
395 446 497 494 sinuthue
516 445 540 481 ob
558 452 627 482 notam
644 446 709 495 ipsius
724 448 867 484 infirmitatem

61 510 215 561 praevideatur,
228 510 280 555 fore,
292 516 314 547 ut
326 521 351 547 ex
366 513 479 557 peccatore
497 507 601 544 materiali
618 507 712 544 formalis
727 509 773 552 fiat,
791 509 867 558 duplex

61 578 93 610 est
104 571 213 609 sententia.
226 571 296 608 Prima
308 575 372 620 negat
384 569 403 605 in
417 568 451 604 tali
465 580 515 605 casu
528 568 601 605 adesse
618 568 764 619 obligationem
784 582 866 607 monen-

61 634 93 679 di;
106 633 153 683 quia
166 633 237 670 melius
250 639 283 669 cst
295 633 355 668 talem
369 630 388 666 in
401 635 487 679 peccato
501 629 604 666 materiali
616 629 750 678 permittere,
770 641 829 678 quam
842 643 867 668 ex

61 694 163 732 materiali
177 694 262 732 formale
276 694 358 736 faeere;
377 690 429 739 quod
444 691 521 734 fieret,
539 691 557 727 si
577 697 710 734 moneretur,
730 697 749 727 et
761 691 868 728 monitioni

61 769 138 793 morem
151 768 189 793 non
202 760 296 806 gereret.
312 752 381 797 Adde,
400 752 418 789 si
431 758 515 800 praeter
529 758 638 801 peceatum
655 752 744 789 bominis
762 751 868 802 hucusque

60 818 129 863 inscii,
147 817 186 855 alia
207 818 292 863 insuper
311 814 436 851 detrimenta
455 826 480 849 ex
495 814 663 851 niatrifestatione
682 813 832 862 praevidentur
843 812 868 859 1).

62 880 157 917 Secunda
170 876 274 914 sementia
286 875 346 912 docet
359 886 406 910 esse
419 874 580 919 admonemlum,
601 881 621 911 et
633 875 671 913 hoe
690 874 808 912 dilemmate
821 887 869 911 sese

61 945 176 977 sustentat:
197 937 251 977 „vet
271 936 318 972 talis
339 941 372 971 est
390 935 502 983 dispositus
521 936 545 971 ad
569 936 743 984 acquiescendum
762 936 870 973 monitioni

62 999 194 1044 confessarii,
206 999 238 1034 vel
251 1008 290 1032 non
307 1001 338 1032 est
357 995 477 1044 dispositus.
494 995 518 1033 Si
536 1002 568 1033 est
584 996 707 1045 dispositus,
725 996 869 1034 confessarius

62 1068 144 1099 tenetur
156 1072 202 1096 eum
215 1059 339 1100 adrnonere3
357 1052 436 1093 sivero
449 1069 488 1093 non
502 1057 673 1107 estdispositus,
692 1064 741 1095 tunc
756 1058 817 1094 habet
835 1057 869 1095 ad·

61 1124 138 1159 fectum
151 1121 175 1158 ad
186 1124 294 1169 peecatum
307 1117 397 1168 g1*avc;’⁷
411 1117 461 1154 etsi
474 1129 499 1154 ex
510 1125 598 1166 peccato
611 1118 713 1156 materiali
727 1118 762 1155 fiat
775 1118 869 1163 formale,

63 1183 101 1220 sibi
114 1183 161 1231 ipsi,
174 1193 213 1217 non
225 1191 276 1216 rere
290 1178 428 1222 confessario,
442 1179 474 1227 qui
486 1179 507 1215 vi
519 1191 569 1216 suae
583 1179 716 1230 obligationis
729 1180 790 1216 etiam
805 1186 870 1217 mate-

64 1244 115 1280 riale
127 1248 235 1291 peccatum
247 1251 375 1288 praecavere
388 1245 478 1284 tenetur,
489 1239 593 1288 imputare
601 1241 669 1278 debet.
681 1240 791 1289 Excipitur
802 1246 869 1277 tamen

63 1305 183 1354 plerumque
198 1313 259 1340 casus
271 1301 313 1344 ille,
326 1300 345 1337 si
357 1312 382 1336 ex
393 1300 520 1337 matrimonii
531 1301 616 1338 invalidi
628 1301 672 1349 jam
685 1301 788 1338 contracti
807 1301 871 1339 mani-

64 1365 175 1402 festatione
191 1375 257 1414 grave
276 1361 397 1399 scandalum
415 1362 448 1398 rel
463 1373 543 1412 urgens
559 1363 674 1399 animarum
691 1362 806 1411 periculum
822 1375 870 1411 pru-

64 1427 136 1464 denter
149 1425 266 1462 timeretur.
279 1424 311 1458 De
324 1422 445 1471 quaestione
457 1422 498 1459 ista
516 1422 567 1458 satis
587 1423 651 1460 ardua
671 1423 693 1460 S.
705 1423 824 1472 Alpltonsus
836 1423 871 1461 Li·

64 1487 137 1538 garius
150 1486 169 1522 in
181 1484 246 1522 Praxi
259 1483 388 1520 Confessarii
402 1483 489 1521 scribit:
503 1481 562 1530 „Qua
574 1483 597 1520 de
610 1497 633 1520 re
645 1484 678 1521 liic
692 1484 753 1521 etiam
762 1496 807 1521 eum
816 1497 871 1522 com·

64 1547 118 1584 numi
137 1546 240 1589 infertur,
259 1545 311 1593 quod
330 1544 348 1580 si
366 1544 411 1592 quis
428 1544 581 1581 matrimonium
601 1544 742 1582 contraxisset
760 1546 871 1583 invalidum

63 1613 149 1658 propter
162 1606 243 1655 aliquod
256 1606 359 1643 occultum
371 1605 553 1654 impedimentum,
573 1605 624 1642 etin
643 1606 750 1643 bonafide
770 1612 872 1651 maneret,

65 1675 85 1706 et
97 1675 171 1706 eontra
182 1666 297 1716 periculum
310 1666 408 1702 subesset
420 1666 524 1710 infamiae,
541 1665 633 1703 scandali
652 1673 687 1704 aut
701 1667 872 1711 incontinentiae,

64 1730 81 1767 si
94 1729 266 1766 manifestaretur
279 1726 404 1763 matrimonii
416 1727 509 1772 nullitas,
528 1733 577 1765 tunc
590 1727 734 1764 confessarius
747 1728 808 1765 debet
827 1741 873 1765 eum

64 1792 84 1827 in
97 1803 134 1827 sua
146 1790 199 1826 bona
211 1788 250 1825 fide
262 1787 394 1836 relinquere,
413 1788 478 1825 donec
494 1788 670 1836 dispensationem
689 1801 700 1825 a
718 1801 780 1826 sacra
798 1789 872 1826 Poeni-

65 1851 162 1888 tentiaria
175 1849 203 1885 illi
216 1847 336 1891 obtinuerit,
349 1848 434 1897 (excipe
448 1854 523 1893 tamen,
536 1848 553 1884 si
566 1848 694 1896 dispensatio
707 1849 777 1886 statim
790 1856 811 1886 et
823 1849 873 1886 faci·

64 1912 83 1948 le
96 1910 186 1949 obtineri
197 1908 289 1958 possit]’'
300 1906 326 1955 2].
345 1908 383 1946 Cui
395 1910 532 1947 communiter
548 1908 606 1946 casui
622 1910 726 1959 applicant
742 1910 873 1953 Moralistae,

65 1972 117 2020 qoud
133 1972 152 2007 in
167 1970 317 2007 Decretalibus
336 1969 429 2019 legitur:
447 1970 600 2008 „Dissimulare
616 1970 708 2017 poteris,
723 1976 746 2006 ut
765 1971 874 2021 conjuges,

66 2044 151 2081 quorum
164 2029 318 2067 matrimonium
330 2035 376 2066 erat
388 2031 472 2076 nullum,
491 2035 614 2067 remaneant
625 2029 645 2066 in
658 2031 731 2079 copula
747 2030 778 2069 sio
792 2037 874 2068 contra-

66 2099 106 2138 cta,
119 2105 164 2130 cum
183 2104 208 2128 ex
226 2091 359 2139 separatione
376 2091 448 2128 videas
464 2092 585 2129 scandalum
602 2089 761 2138 irrnniner·e'’³];
781 2092 875 2141 quamvis

65 2154 91 2190 ibi
104 2155 197 2191 locorum
210 2153 233 2189 de
246 2153 314 2187 tacito
326 2151 395 2201 magis
406 2152 515 2189 Pontificis
533 2151 708 2201 dispensatione,
726 2152 803 2200 prioris
819 2151 855 2189 def
868 2173 874 2179 -

66 2220 121 2252 etum
134 2213 248 2262 supplente,
262 2211 357 2260 quaestio
370 2212 405 2262 agi
416 2212 512 2250 videatur
522 2209 548 2259 ⁴).
561 2211 682 2249 —Verum
695 2212 729 2249 ulti
746 2213 770 2250 de
787 2224 874 2261 praece·

65 2275 106 2324 ptis
114 2275 170 2323 juris
182 2280 268 2311 naturae
282 2272 360 2322 agitur,
371 2273 406 2309 vix
419 2285 506 2322 unquam
519 2273 562 2317 fiet,
574 2281 604 2316 ut,
617 2273 650 2321 qui
663 2274 697 2310 illa
710 2274 875 2323 transgreditur,

66 2341 188 2373 constanter
200 2333 336 2382 etinculpate
348 2332 368 2368 in
380 2333 433 2370 bona
445 2334 484 2370 lide
497 2333 531 2377 sit,
550 2332 643 2370 etsimul
662 2345 750 2382 sperare
768 2333 826 2379 lieet,
845 2340 876 2371 ta-

65 2399 112 2443 lem,
124 2398 157 2436 ubi
171 2397 277 2440 edocetur,
290 2394 360 2431 sinon
373 2408 396 2431 ex
409 2395 502 2446 integro,
519 2395 649 2444 aliquatenus
669 2395 743 2432 saltem
757 2402 777 2433 et
789 2407 876 2433 sueces-

66 2459 111 2496 sive
123 2459 163 2497 sibi
174 2462 338 2507 temperaturum
351 2468 405 2493 esse.
418 2456 473 2495 Hinc
485 2457 605 2506 neutiquam
617 2461 689 2494 tacere
702 2455 759 2501 licet,
773 2457 819 2494 dum
828 2470 876 2506 poe-

66 2520 134 2558 nitens
152 2532 172 2556 v.
185 2533 205 2571 g.
221 2518 316 2556 mollitiei
335 2517 441 2567 hucusque
459 2518 573 2556 indulsisse
593 2516 764 2566 deprehenditur,
783 2518 877 2567 quamvis

67 2581 167 2630 ignorans
179 2581 199 2618 id
211 2579 288 2619 fecisse
300 2579 404 2617 videatur.

66 2684 262 2694 -νῇ-μ

93 2749 108 2787 1)
117 2748 224 2784 Herculani
233 2750 346 2785 Oberraueh
355 2750 450 2793 Tbeolog.
460 2750 528 2783 moral.
542 2749 663 2794 Barnbergae
678 2752 730 2783 1797.
744 2751 800 2784 Tom.
812 2750 846 2783 Vh
858 2760 876 2792 p.

117 2798 159 2831 238.
168 2817 192 2822 —
201 2803 217 2841 2)
229 2801 275 2844 Cap.
285 2802 300 2834 Ι.
311 2800 326 2843 §.
336 2802 353 2832 2.
364 2809 382 2832 n.
393 2801 410 2832 8.
421 2799 515 2842 Tlreolog.
525 2801 593 2832 morat.
603 2799 646 2833 libr.
656 2800 688 2832 Vl.
703 2810 721 2832 n.
734 2802 778 2833 oto.
787 2818 811 2823 —-
827 2803 843 2840 ³)
855 2799 875 2830 G.

117 2848 134 2878 6,
142 2846 167 2879 X.
178 2847 201 2880 de
211 2858 301 2893 consang.
312 2851 340 2891 (t.
349 2850 387 2890 lla.)
397 2867 421 2872 —
428 2850 445 2889 4)
450 2848 499 2883 Vide
504 2848 558 2881 Lucii
563 2849 652 2882 Ferraris
659 2852 749 2892 prompta
754 2847 876 2881 bibliotheca.

117 2894 191 2928 Vooah.
202 2896 339 2936 Gorzsesrnre'ns.
349 2900 404 2932 Tem.
414 2898 439 2931 ΙΙ.
449 2908 467 2941 p.
478 2898 520 2930 a33.
529 2907 547 2931 tl.
557 2898 684 2932 savoneriis
695 2900 748 2934 1782.
