2056 3193
121 123 166 166 204

122 240 284 287 obsecundant),
300 238 331 276 sic
345 239 404 275 Deus
419 245 531 290 corruptos
547 253 586 278 non
601 250 678 291 magna
690 241 712 277 vi
729 241 816 291 impellit
827 242 852 280 ad
863 240 929 279 virtu·

122 309 171 348 tem,
184 302 220 339 sed
232 305 339 339 mansuete
352 306 372 337 et
384 300 463 338 sensim
474 309 590 351 promovet.
602 302 644 339 lmo
656 301 778 351 plerumque
789 310 859 353 portat
871 315 929 341 ovem

121 365 236 407 inventam,
249 374 287 398 nou
299 373 431 410 percussam,
443 375 468 400 ne
480 363 589 401 immanior
601 362 695 402 scissura
707 362 750 407 liat,
763 370 798 401 aut
809 377 870 403 error
881 376 928 415 pro·

122 423 216 462 ductior’'
233 421 256 469 ¹).
277 423 380 460 Similiter
394 423 416 461 S.
431 424 549 476 Gregorios
561 425 598 469 M,
612 423 774 469 „admonendos
792 424 869 474 inquit,
882 438 929 463 esse

122 491 229 535 pastores,
241 491 264 521 ut
276 484 417 530 considerent,
430 486 482 534 quod
495 484 608 523 structuris
620 484 742 522 recentibus
754 485 841 523 necdum
854 487 929 525 solida-

123 546 159 590 tis,
179 545 197 582 si
210 546 316 597 tignorum
327 546 406 594 pondus
420 545 576 596 superponitur,
595 558 634 583 nou
646 545 797 592 habitaculum,
816 546 852 584 sed
870 547 930 585 ruina

121 606 250 644 fabricatur”
265 605 290 653 ²).
323 607 348 653 b)
366 606 393 643 Ut
411 613 513 656 promtum
531 613 667 656 paratumque
685 607 758 645 reddat
776 609 929 656 poenitentem,

121 669 218 706 ostendat
230 667 552 712 confessarius,satisfactionem
564 668 605 717 ipsi
615 668 732 717 impositam
744 680 784 705 non
796 668 929 708 arbitrariam

121 741 178 774 esse,
197 729 233 766 sed
252 728 409 773 necessariam,
429 728 502 778 quippe
514 729 586 767 intimo
599 741 645 767 cum
657 728 751 779 peccatis
763 730 853 768 locatam
864 742 929 776 nexu,

122 803 207 839 eumque
226 790 311 827 edoceat
331 796 407 827 statum
426 802 485 827 suum
504 789 695 839 inpraesentiarum
711 791 735 828 ob
751 791 929 840 peceatainquie-

121 859 164 889 tum
177 858 196 888 et
210 851 301 895 anxium,
315 851 416 900 simulque
428 858 512 889 moneat
520 851 544 889 de
557 851 611 889 onrni
623 852 745 890 serenitatis
758 858 779 889 et
790 852 929 902 tranquillita-

122 913 148 950 tis
162 912 223 949 animi
236 912 326 956 laetitia,
346 925 385 961 qua
396 919 484 960 peracta
495 913 623 961 poenitentia
635 913 739 950 fruiturus
752 914 790 958 sit,
810 914 856 951 dum
869 926 891 951 se
904 926 930 950 ex

121 980 255 1023 peccatorum
267 974 343 1021 abysso
356 973 470 1010 emersisse
481 973 565 1011 viderit.
600 976 622 1021 c]
641 974 726 1012 Pariter
743 980 847 1025 suggerat
858 974 929 1024 poeni-

121 1035 184 1079 tenti,
196 1035 216 1071 in
230 1034 306 1072 officiis
318 1034 437 1083 peccatoris
451 1047 508 1079 esse,
521 1041 553 1080 ut,
567 1035 619 1084 quod
632 1035 755 1073 acerbitatis
768 1035 928 1080 medicamento,

121 1102 142 1133 et
154 1095 277 1133 severitatis
289 1094 428 1145 castigationi
438 1095 499 1140 insit,
511 1096 617 1147 patienter
630 1096 693 1141 ferat,
706 1108 744 1133 ceu
756 1108 843 1145 poenam
854 1108 929 1145 pecca-

120 1158 147 1194 tis
160 1157 261 1201 debitam,
277 1162 299 1193 ut
307 1155 404 1205 justitiae
416 1155 498 1194 divinae
510 1156 635 1194 satisfaciat.
660 1156 684 1194 Si
696 1169 746 1194 vero
758 1163 843 1194 terrore
854 1169 929 1206 percu-

120 1219 171 1255 titur
184 1218 208 1254 ob
221 1216 374 1255 satisfactionis
386 1218 523 1267 grauitatem,
542 1217 661 1255 meminerit
677 1218 745 1255 Deum
759 1217 836 1255 nemini
851 1217 930 1267 petenti

120 1284 141 1316 et
153 1278 231 1315 volenti
243 1289 281 1315 sua
293 1277 363 1328 gratia
375 1290 423 1315 esse
436 1278 562 1315 defuturum.
585 1277 661 1316 Virtus
676 1277 696 1315 in
711 1277 833 1317 infirmitate
845 1278 928 1328 pe'rfiei·

120 1347 160 1377 tur.
183 1338 255 1390 Erigit
273 1339 346 1383 elisos,
366 1338 454 1375 humiles
467 1339 569 1377 sublevat.
603 1339 627 1385 d]
640 1339 664 1377 si
675 1338 808 1377 nihilominus
819 1339 928 1389 poenitens

119 1401 143 1437 de
155 1400 191 1444 iis,
209 1399 313 1448 quaesibi
330 1399 494 1448 praecipiuntur,
514 1400 657 1449 conqueritur,
676 1400 819 1438 confessarius
832 1400 928 1438 sciscita-

119 1460 175 1498 bitur
188 1473 275 1505 causas,
288 1460 352 1497 ethis
365 1460 494 1510 perspectis,
507 1461 541 1498 ubi
554 1473 605 1509 opus
618 1467 660 1506 est,
674 1461 781 1499 alleviabit
794 1473 849 1505 eum,
863 1461 928 1499 eidem

119 1521 185 1571 quoad
197 1522 243 1559 fieri
254 1528 334 1570 potest,
353 1534 376 1558 se
393 1521 505 1572 indulgere
525 1527 656 1566 contestans,
676 1522 694 1558 si
712 1534 737 1559 ex
756 1522 878 1560 calamitoso
891 1534 928 1560 suo

118 1588 185 1627 statu,
204 1582 224 1619 iu
237 1594 275 1632 quo
288 1589 396 1627 versatur,
415 1594 505 1634 surgere
517 1583 587 1620 valeat
599 1582 639 1620 alia
651 1582 742 1621 faciliori
753 1582 797 1629 via,
817 1595 876 1633 quam
889 1582 929 1622 sibi

118 1645 142 1683 ab
155 1645 199 1694 ipso
212 1644 329 1694 proposita;
347 1644 395 1694 quin
407 1645 543 1696 interrogare
555 1645 646 1694 poterit:
666 1643 710 1693 Qua
724 1645 791 1696 igitur
807 1645 852 1683 arte
868 1652 929 1695 putas

118 1708 220 1751 futurum,
234 1712 256 1743 ut
267 1706 334 1744 hocin
343 1712 362 1743 te
375 1706 473 1757 corrigas
485 1706 572 1744 vitium?
585 1718 686 1757 quaenam
698 1706 804 1744 adhibebis
817 1707 894 1752 media,
906 1713 929 1745 ut

118 1780 203 1817 pravum
216 1767 270 1805 lmnc
282 1766 373 1805 habitum
386 1767 484 1816 abjicias?
496 1779 562 1817 neque
575 1768 628 1805 enim
641 1768 702 1805 finem
714 1768 799 1817 assequi
809 1779 928 1817 possumuS,

118 1828 158 1866 nisi
170 1841 207 1878 per
220 1841 243 1866 ea
256 1828 333 1874 media,
349 1841 402 1878 quae
414 1835 462 1866 sunt
473 1828 554 1867 idonea.
577 1828 651 1867 Ullane
664 1831 738 1866 tenes?
758 1828 783 1868 si
795 1841 846 1880 quae
858 1828 934 1879 poeni--

118 1898 164 1929 tens
177 1890 320 1939 proposuerit,
340 1890 484 1929 confessarius
498 1904 522 1928 ea
534 1891 559 1928 ad
571 1903 657 1928 examen
670 1890 789 1935 revocabit,
809 1890 891 1940 eisque,
910 1890 929 1927 si

118 1953 171 1990 bona
183 1959 204 1990 et
215 1951 342 1990 sufficientia
353 1952 439 1998 fuerint,
458 1958 536 1997 utetur,
554 1959 575 1990 et
593 1951 779 2003 acquiescet-illis.
803 1951 840 1990 Sin
859 1958 928 1990 autem

118 2013 167 2052 nibil
181 2013 291 2062 adjecerit,
311 2014 455 2053 confessarius
471 2014 568 2052 ostendet
585 2014 736 2053 necessitatem
755 2014 855 2052 alacriter
873 2014 927 2053 reci·

118 2076 185 2127 piendi
197 2076 349 2115 satisfactionis
362 2089 437 2127 opera,
456 2088 508 2127 quae
519 2076 560 2126 ipsi
570 2076 683 2122 indicavit,
702 2083 749 2115 utut
761 2077 805 2114 fors
818 2077 895 2116 acerba
907 2083 929 2115 et

118 2140 217 2183 molesta,
229 2151 268 2177 nee
281 2139 400 2177 absterreri
412 2151 435 2176 se
447 2139 503 2176 sinat
515 2151 527 2176 a
538 2139 645 2188 proposito
659 2151 708 2184 suo,
726 2151 806 2176 memor
818 2138 928 2177 doctrinae

118 2214 128 2239 a
141 2200 163 2239 S.
176 2200 296 2251 Augustino
308 2200 328 2237 in
342 2201 430 2250 epistola
443 2201 467 2239 ad
478 2200 610 2238 Bonifatium
623 2200 696 2239 datae:
711 2201 828 2239 „Molestus
842 2207 875 2238 est
886 2212 927 2238 me·

118 2262 175 2300 dicus
188 2262 268 2300 furenti
279 2261 412 2311 phrenetico,
425 2269 445 2300 et
456 2268 517 2312 pater
528 2262 696 2312 indisciplinatae
708 2261 773 2308 filiae,
786 2262 821 2299 ille
832 2261 924 2312 tigando,

117 2323 150 2361 laic
164 2323 278 2369 caedendo,
298 2324 335 2361 sed
347 2324 406 2362 ambo
419 2323 545 2375 diligendo.''
579 2326 602 2372 e]
620 2323 716 2373 Denique
732 2336 772 2361 non
788 2322 860 2360 inutile
873 2322 924 2368 erit,

117 2384 264 2434 poenitentiam
277 2385 390 2423 canonibus
403 2386 494 2435 antiquis
506 2385 660 2435 praescriptam
673 2384 738 2423 eidem
750 2383 850 2429 indicare,
862 2390 885 2422 ut
895 2385 924 2423 le·

117 2446 196 2484 viorem
206 2446 320 2496 injunctam
333 2448 440 2486 ardentius
454 2454 589 2498 exsequatur,
608 2446 654 2484 dum
666 2446 753 2491 viderit,
773 2452 869 2495 quantam
886 2459 924 2496 pro

116 2508 210 2557 peccatis
223 2508 266 2546 suis
282 2509 395 2547 secunduma
414 2521 505 2547 canones
519 2508 681 2558 poenitentiales
695 2519 800 2559 peragere
818 2507 925 2546 debuisset

116 2568 271 2620 poenitentiam,
284 2571 303 2608 si
315 2583 339 2608 ea
352 2576 421 2609 aetate
432 2571 528 2609 vixisset.
552 2569 574 2608 S.
588 2569 677 2608 Carolus
687 2570 831 2608 Borromaeus
842 2568 924 2618 praeci·

116 2632 146 2682 pit
165 2630 305 2678 confessario,
329 2638 351 2670 ut
370 2632 464 2671 addiscat
483 2632 579 2670 eanones
596 2630 768 2681 poenitentiales,
791 2630 851 2681 quia,
874 2630 925 2670 licet

117 2705 188 2732 eorum
203 2692 308 2731 Canonum
319 2694 460 2743 poenitentias
475 2694 559 2739 debeat,
572 2700 594 2731 ut
605 2699 700 2743 tempora
711 2692 793 2738 ferunt,
805 2703 842 2740 pro
856 2692 923 2731 chari-

116 2761 158 2793 tate
172 2761 192 2791 et
204 2753 314 2802 prudentia
325 2768 363 2793 sua
376 2755 480 2800 minuere,
495 2762 558 2804 prout
569 2753 652 2803 peccati
664 2760 684 2790 et
694 2752 821 2804 poenitentis
834 2752 923 2793 eircum-

117 2816 207 2854 stantiae
220 2814 341 2864 requirent,
359 2824 426 2854 tamen
440 2829 475 2854 eos
488 2816 549 2853 debet
562 2815 642 2860 calere,
659 2821 681 2852 ut
693 2815 759 2865 possit
778 2814 923 2853 demonstrare

119 2904 296 2911 *-—-——·

142 2950 156 2988 ¹]
166 2949 228 2992 Epist.
237 2951 255 2981 5.
265 2948 289 2982 ad
299 2948 373 2982 Theod.
383 2949 470 2983 monach.
480 2967 503 2973 -
513 2950 528 2990 2)
538 2946 590 2981 Libr.
600 2948 653 2981 Past.
662 2948 685 2981 P.
695 2948 727 2981 Ill.
739 2956 756 2980 o.
766 2947 795 2979 23.
