2017 3193
866 110 906 156 Δ83

98 238 142 265 rem
154 225 222 263 nullus
235 226 284 263 ordo
296 227 461 276 praescribitur,
477 239 500 262 eo
516 226 568 274 quod
579 227 599 264 in
616 228 704 265 articulo
718 226 791 263 mortis
803 225 867 264 niella
879 228 909 263 sit

97 290 226 326 reservatio.
241 286 264 324 si
276 294 362 336 peccata
374 296 453 326 tantum
465 293 514 323 sunt
530 293 655 332 reservata,
668 288 742 337 quibus
754 287 811 324 nulla
831 287 906 325 adhae-

90 356 131 386 >ret
142 360 247 392 censura,
263 360 314 397 opus
326 361 365 387 uon
381 356 427 393 cst,
446 353 467 384 ut
483 346 592 396 poenitens
611 348 724 395 epericulo
744 348 828 397 elapsus
848 348 908 385 adeat

98 410 164 447 denuo
177 409 308 447 sacerdotem
326 412 462 448 constitutum
477 421 514 457 pro
531 407 662 445 absolvendis
674 411 766 457 peccatis
778 409 907 453 reservatis,

98 471 146 520 quia
158 482 219 520 quum
232 482 257 507 ex
276 471 398 509 Tridentino
419 469 512 506 Concilio
530 468 551 505 in
569 469 643 505 mortis
656 469 744 505 articulo
760 471 816 507 nnlla
831 470 860 507 sit
874 482 907 506 re-

98 532 203 576 servatio,
219 539 299 570 certum
315 540 358 577 est,
377 545 424 569 cunr
440 531 519 568 directe
536 531 561 567 ab
578 530 604 566 iis
620 530 737 567 absolutum
752 531 828 576 luisse3
844 543 908 570 secus

98 605 156 638 vero,
169 593 188 629 si
199 604 288 631 censura
297 594 407 631 innodatus
416 591 486 629 fucrit.
500 590 552 628 Vide
561 590 616 628 infra
623 590 688 628 Parte
696 591 721 627 ll.
731 590 788 628 Soet.
801 592 816 628 l.
823 590 840 644 ξ.
854 593 907 630 Cen-

99 667 149 692 sura
161 654 244 692 irretiti.

173 715 230 765 Quod
242 717 266 754 de
278 714 374 755 articulo
387 717 466 752 mortis
478 715 580 760 diximus,
599 713 653 752 idem
666 713 759 752 sentiunt
771 719 870 752 auctores
882 716 906 753 de

96 778 196 829 perdocile
206 780 287 823 mortis,
300 777 347 827 quia
355 777 375 813 in
384 777 433 826 jure
447 776 558 815 articulus
570 783 590 813 et
600 775 727 827 periculum
738 775 812 813 mortis
825 788 908 814 sumun-

99 846 133 877 tur
144 852 182 890 pro
195 841 274 885 eodem,
283 844 381 889 quantum
389 838 441 877 facit
449 838 474 876 ad
482 850 526 877 rem
535 843 675 887 praesentem,
689 849 712 875 ac
724 837 778 875 ratio
788 838 909 877 consulendi

99 902 213 940 animarum
225 901 289 939 saluti
301 901 364 938 etiam
375 905 439 952 urget
450 912 487 949 pro
503 899 637 939 concedenda
652 899 747 937 onmihns
762 900 909 938 sacerdotibus

99 963 198 1002 facultate
211 962 331 1001 absolvendi
350 968 470 1000 versantem
483 962 503 999 in
518 962 612 1011 periculo
625 962 699 999 mortis
707 959 732 1008 ¹).
748 961 824 999 Mortis
841 969 908 1000 autent

98 1025 215 1075 periculum
226 1031 275 1062 tune
288 1024 362 1062 adesse
371 1030 481 1069 censetur,
495 1036 540 1062 cum
552 1024 614 1061 timor
623 1023 714 1073 prudens
723 1035 760 1061 seu
772 1023 860 1061 solidum
873 1024 909 1062 du·

98 1088 154 1125 bium
166 1087 240 1123 mortis
252 1086 346 1135 proxime
359 1093 472 1124 secuturae
485 1086 593 1131 occurrit,
609 1086 653 1123 sire
665 1086 775 1135 proveniat
787 1097 812 1122 ex
824 1087 909 1131 morlia,

98 1149 196 1193 vulnere,
211 1154 283 1197 partu,
302 1138 378 1197 tapso,
389 1148 507 1197 apoplexia,
524 1147 568 1185 sire
585 1160 611 1185 ex
628 1146 719 1196 praelio,
736 1147 848 1197 naufragio
868 1153 909 1185 etc.

369 1308 542 1378 (lapaut
574 1307 647 1364 111.

248 1434 287 1483 De
301 1433 382 1500 sigillo
396 1433 556 1499 confessionis
570 1433 767 1483 socrorrrerctole's.

302 1564 304 1568 ¹
357 1578 461 1649 Sigillum
476 1579 650 1633 sacramentale.

175 1704 193 1757 §-
206 1702 241 1744 55.
255 1705 352 1757 Sigillum
365 1707 519 1743 sacramentale
532 1712 564 1743 cst
576 1706 679 1756 religiosa
692 1706 792 1756 obligatio
805 1713 911 1744 secretum

102 1767 200 1804 servandi
211 1773 334 1816 perpetuum
342 1767 439 1811 circaea,
452 1780 504 1816 qliae
516 1779 553 1815 per
562 1767 715 1805 confessionem
728 1768 910 1813 sacramentalem,

103 1834 137 1866 aiu
150 1829 261 1866 occasione
273 1828 318 1876 ejus
330 1829 514 1878 quomodocunque
527 1829 611 1879 cognita
630 1835 688 1873 sunt,
705 1834 726 1865 et
741 1841 829 1878 oritarum
847 1830 910 1866 triarii-

102 1889 186 1926 festatio
206 1890 319 1938 poenitenti
332 1890 419 1927 molesta
432 1902 493 1934 esse,
507 1895 527 1926 et
539 1890 700 1927 Sacrarnentrun
712 1890 856 1927 Poenitentiae
869 1903 911 1927 mo-

102 1950 177 1987 lestunr
190 1956 211 1987 et
226 1950 318 1987 odiosum
337 1950 425 1987 reddere
440 1957 519 1999 posset.
532 1952 655 2000 Appellatur
670 1951 734 2001 vulgo
746 1949 855 2000 sigillum,
870 1964 911 1988 tlte*

94 2011 189 2060 'taphora
202 2011 264 2048 dueta
276 2024 287 2048 a
299 2011 380 2062 sigillo,
394 2023 432 2061 quo
442 2012 509 2049 claudi
524 2012 593 2048 solent
605 2018 623 2048 et
633 2012 749 2063 obsignari,
762 2024 814 2061 qriue
827 2018 912 2050 secreta

103 2083 150 2109 esse
163 2068 245 2108 detnntt.
257 2072 341 2109 Dicitur
354 2078 422 2109 autem
431 2072 523 2123 sigillum
533 2073 683 2121 confessionis
693 2073 727 2108 rel
738 2072 910 2120 sacrmrrerttale,

103 2132 149 2180 quia
162 2144 187 2167 cx
200 2131 331 2169 eorrfessione
344 2133 491 2170 sacramentali
505 2132 572 2169 oritur
585 2139 606 2169 et
618 2132 754 2184 distinguitur
767 2145 778 2170 a
791 2132 862 2183 sigillo
877 2145 911 2169 na-

104 2192 177 2237 turali,
197 2204 235 2242 quo
251 2192 297 2241 quis
312 2192 361 2241 jure
377 2199 465 2230 naturae
486 2199 569 2230 tenetur
588 2193 612 2231 ad
632 2206 656 2230 ea
668 2193 786 2238 reticenda,
802 2205 854 2242 quac
874 2194 912 2231 suh

103 2259 186 2290 secreto
200 2253 287 2301 accepit.
301 2253 407 2304 Olrligatio
420 2253 501 2292 isthaec
512 2254 573 2302 plane
584 2254 702 2299 inducitur,
721 2254 737 2290 si
751 2254 828 2303 quisita
841 2254 912 2291 ordine

103 2314 128 2352 ad
140 2314 270 2351 obtinendam
283 2315 435 2352 ahsolutionem
447 2314 588 2363 pacandamve
601 2315 751 2353 conscientiam
768 2321 856 2363 peccata
875 2327 912 2352 sua

103 2374 195 2425 exponit,
208 2375 291 2412 etiamsi
303 2375 346 2413 fors
355 2375 434 2413 absolvi
446 2380 542 2425 nequeat.
551 2376 594 2413 lmo
607 2375 647 2412 etsi
659 2376 704 2425 quis
717 2376 787 2413 sciens
798 2376 913 2426 volensque

103 2436 209 2488 sacrilege
222 2435 355 2482 confiteatur,
376 2437 483 2474 dmmuodo
501 2448 541 2474 non
561 2437 625 2474 solius
640 2436 684 2485 joci
702 2448 766 2474 causa
783 2437 913 2481 accesserit,

104 2497 208 2535 confessio
222 2504 289 2535 tauron
304 2498 464 2536 sacramentalis
483 2498 569 2543 dicitur,
583 2505 603 2537 et
617 2498 682 2549 sigilli
690 2499 851 2536 sacramentalis
864 2499 913 2536 obli-

103 2559 161 2608 gatio
173 2559 287 2596 enascitur.
300 2559 338 2596 Ubi
351 2566 419 2597 autem
433 2560 478 2609 quis
491 2559 645 2597 confessionem
658 2560 776 2597 sinmlatam
793 2559 914 2608 deponeret,

104 2630 143 2667 qua
155 2620 294 2659 Sacramento
306 2620 413 2667 illuderet,
433 2620 506 2658 exinde
519 2621 599 2670 quidem
612 2633 651 2658 nou
671 2620 833 2659 sacramentalis
848 2621 914 2672 sigilli

104 2679 205 2731 obligatio
216 2682 297 2733 prodit,
310 2693 383 2719 verum
395 2682 428 2720 vel
440 2682 486 2720 ideo
494 2682 563 2733 potius
576 2689 609 2720 est
621 2683 645 2719 de
659 2683 759 2732 ejusmodi
768 2682 849 2719 riciario
863 2695 914 2720 ausu

104 2739 179 2788 silere,
192 2745 288 2795 quoniam
303 2744 354 2782 alias
370 2745 445 2782 saltem
461 2745 514 2795 apud
529 2743 623 2783 homines
642 2745 739 2783 rudiores
760 2757 832 2782 eorum
851 2745 912 2782 confi-

104 2800 173 2841 dentia
184 2804 205 2842 in
217 2806 283 2858 sigilli
294 2806 455 2846 sacramentalis
467 2806 601 2845 sanctitatem
613 2806 738 2846 labefactari
751 2812 829 2857 posset,

104 2886 300 2897 Μ

129 2936 144 2977 1)
155 2933 194 2973 Cir.
203 2936 243 2971 Rit.
252 2940 309 2976 Rom.
318 2940 373 2976 Paul.
382 2940 406 2975 V.
729 2987 743 3029 6
758 2987 767 3004 „
