2017 3193
858 135 901 182 151

95 263 156 297 num,
169 256 241 289 essent
248 256 269 288 et
279 250 344 289 verba
357 258 398 291 tua.
412 251 490 301 Quodsi
500 252 521 289 in
535 253 598 291 corde
610 260 644 292 tuo
656 253 733 292 nullam
744 252 902 302 impatientiam,

95 314 172 352 nullam
186 311 296 358 invidiam,
317 314 392 353 nullam
409 312 538 351 inimicitiam
551 326 604 365 erga
615 315 745 364 proximum,
763 313 841 352 nullum
858 320 902 351 tae-

96 374 150 412 dium
162 373 240 411 laboris
252 375 310 412 nasci
321 375 439 426 patereris,
456 374 534 411 nullum
545 375 632 412 vertum
643 376 745 421 invidiae,
766 374 902 421 inimicitiae,

95 435 213 484 nullumque
228 436 358 475 maledictum
377 449 402 474 en
419 448 456 474 ore
468 441 503 472 tuo
515 435 617 484 prodiret.
635 436 694 474 Nune
707 438 748 475 scis
761 449 860 483 eausam,
878 436 902 474 ob

95 508 155 546 quam
166 497 232 534 verba
245 499 365 547 peccatoria
381 510 407 535 ex
424 509 460 535 ore
476 501 511 533 tuo
529 496 644 546 prodeant:
661 497 681 533 in
700 498 762 535 corde
773 499 825 537 latet
841 498 902 543 fons,

94 558 123 595 ibi
133 557 208 596 haeret
225 559 284 597 radix
301 566 443 610 peccatorum.
458 558 518 595 Nunc
531 557 638 595 ostendam
650 557 688 595 tibi
699 556 767 603 viam,
777 571 825 619 qua
836 559 903 598 verba

94 619 146 657 haec
158 619 233 658 vitiosa
245 621 350 659 declinare
362 631 433 670 queas.
446 621 471 666 a)
484 618 549 667 Quam
560 619 649 669 primum
661 620 694 656 vel
706 618 810 656 minimam
822 622 902 673 eogita-

95 680 171 719 tionem
189 689 223 720 aut
239 682 372 732 cupiditatem
388 681 518 725 adverteris;
532 693 583 731 quae
595 680 759 729 impatientiam
774 680 840 726 iram,
858 689 901 719 tae-

95 742 188 793 diumque
201 743 290 795 gignere
308 742 389 791 possit,
407 741 508 790 ejusmodi
524 741 648 793 cogitationi
666 741 814 792 cupiditatique
831 741 902 779 fortis-

95 804 167 842 simam
183 805 271 854 aliquam
283 804 394 841 veritatem
405 803 528 855 religiosam
545 803 601 841 illico
614 814 701 853 oppone.
715 798 740 850 β)
755 801 820 850 Quam
833 803 902 841 effica-

94 865 199 903 cissimam
211 865 335 909 veritatem,
353 871 375 902 ut
390 871 483 914 tempore
495 871 611 914 opportuno
624 869 732 909 occurrat,
753 870 805 908 tum,
824 864 903 914 quando

93 927 114 964 in
132 928 198 965 animo
215 932 251 963 tuo
267 925 335 963 omnia
353 932 429 974 pacata
444 932 492 963 sunt
513 932 534 963 et
551 925 677 975 tranquilla,
696 931 774 963 attente
791 925 903 964 revolvere

94 994 187 1037 oportet;
205 986 327 1025 occasiones
344 985 457 1037 diligenter
476 986 597 1036 explorare,
615 986 635 1023 in
654 986 727 1036 quibus
740 986 765 1023 ad
782 987 835 1024 iram
850 986 903 1024 invi-

94 1049 188 1098 diamque
200 1054 240 1086 etc.
252 1048 331 1085 tentari
342 1048 411 1093 soles3
423 1047 530 1097 proposita
542 1053 649 1098 repetere,
661 1047 792 1097 repetitaque
808 1048 903 1085 oratione

94 1110 175 1148 fulcire.
187 1112 210 1161 y]
225 1108 265 1147 Ubi
276 1108 408 1146 nibilominus
427 1109 448 1147 in
460 1115 548 1159 peccata
559 1109 631 1159 priora
648 1110 760 1159 prolapsus
778 1109 855 1155 fueris,
873 1114 903 1146 te-

94 1171 204 1220 metipsum
217 1170 241 1208 ad
255 1170 356 1219 judicium
368 1182 460 1220 provoca
479 1177 500 1208 et
511 1170 597 1215 damna,
614 1170 745 1222 genibusque
756 1170 818 1208 flexis
832 1170 903 1220 poeni·

94 1231 154 1269 tendo
166 1232 244 1277 Deum,
256 1231 410 1282 rotsindnlgeat‚
429 1244 504 1276 exora,
516 1232 597 1269 tibimet
608 1231 649 1281 ipsi
659 1243 747 1281 poenam
766 1231 855 1281 aliquam
874 1231 903 1269 di-

95 1299 134 1338 cta,
147 1304 241 1342 novoque
252 1293 359 1342 proposito
372 1299 444 1343 capto,
462 1293 545 1331 fructus
557 1293 626 1331 divina
638 1293 749 1331 clementia
761 1299 821 1342 atque
834 1292 904 1343 gratia

94 1353 147 1392 Jesu
165 1352 258 1399 Christi,
277 1366 366 1405 gressus
385 1360 431 1392 tuos
450 1354 540 1392 ulterius
557 1354 606 1405 fige.
626 1353 712 1401 Quoties
729 1354 862 1392 maledictum
880 1366 903 1391 os

94 1421 151 1452 tuum
169 1414 294 1460 evomuerit,
311 1414 399 1466 genibus
414 1416 475 1453 flexis
488 1428 511 1452 os
524 1416 609 1453 admove
621 1416 654 1452 vel
666 1416 698 1452 ori
710 1414 819 1460 Crucifixi,
832 1414 903 1465 cogita

90 1475 192 1524 judicium
207 1482 336 1521 extremum,
353 1476 459 1526 verbaque
473 1476 551 1524 judicis
563 1476 693 1514 damnantis:
713 1477 757 1515 „ite
771 1475 902 1519 maledicti‚”

93 1543 196 1574 memento
217 1537 332 1582 maledicti,
350 1537 402 1588 quod
425 1538 484 1575 Deus
502 1549 566 1587 super
589 1543 669 1583 terram
687 1537 785 1575 effuderit
808 1537 832 1574 ob
853 1548 902 1586 pcc·

94 1597 205 1636 cataetc.''

423 1715 574 1770 Continualio.

168 1841 186 1895 ξ.
201 1838 250 1881 107.
263 1843 286 1880 In
299 1842 361 1880 animi
371 1842 450 1880 morbis
463 1842 571 1889 curandis,
590 1843 698 1893 quominus
711 1842 821 1891 poenitens
836 1843 902 1883 denuo

93 1904 151 1941 vitiis
163 1904 284 1953 indulgeat,
304 1903 447 1941 confessarius
460 1905 521 1941 etiam
538 1905 563 1951 b]
582 1905 603 1941 in
612 1903 818 1954 praedooztnantem
835 1907 903 1943 antoni

94 1964 247 2016 cupiditatem,
266 1971 286 2002 et
297 1964 317 2001 in
327 1968 454 2016 peccalum,
472 1977 502 2003 eoe
513 1976 554 2016 qaco
565 1964 634 2016 pltare
646 1967 738 2015 peccato
750 1967 855 2015 tanquam
873 1978 902 2005 es*

94 2027 155 2077 fonte
166 2028 305 2075 scaturiunt,
323 2025 424 2063 intendat.
438 2026 463 2064 Si
475 2025 527 2063 enim
540 2026 603 2064 Pater
615 2025 731 2075 spiritualis
743 2025 763 2062 in
775 2026 901 2075 poenitentis

93 2087 136 2125 vita
151 2087 229 2124 fontem
244 2086 333 2136 aliquem
349 2086 466 2133 detexerit,
483 2086 536 2125 unde
548 2086 618 2137 plura,
637 2087 687 2126 licet
702 2086 796 2129 diversa,
814 2093 903 2136 peccata

93 2160 217 2198 promanare
230 2147 304 2192 solent,
317 2154 338 2185 et
348 2149 474 2196 poenitentis
487 2148 576 2186 animum
589 2161 612 2185 eo
624 2147 726 2185 inclinare
738 2159 778 2184 non
790 2148 902 2193 studuerit,

94 2215 116 2246 ut
126 2220 204 2258 pravae
215 2214 351 2257 peccatorum
363 2209 426 2245 matri
440 2209 542 2254 obsistat,
560 2208 686 2246 admovendo
700 2207 848 2246 efficacissima
859 2220 901 2245 me·

94 2270 127 2307 dia
139 2275 213 2307 contra
224 2268 302 2305 fontem
313 2269 426 2313 malorum,
438 2281 492 2307 nova
504 2275 564 2319 atque
576 2282 630 2308 nova
642 2270 738 2307 continuo
751 2275 839 2317 peccata
854 2281 901 2318 pro-

94 2331 211 2367 manabant.
229 2328 268 2365 Ubi
285 2340 336 2365 vero
354 2335 489 2380 peccatorum
507 2330 586 2367 fluenta
601 2330 741 2373 obturaverit,
758 2341 782 2365 eo
793 2329 839 2377 ipso
856 2340 902 2366 ces·

95 2392 177 2436 sabunt,
195 2397 215 2428 et
225 2389 296 2427 radice
309 2395 406 2427 extracta
418 2395 438 2427 et
450 2390 517 2427 deleta
529 2390 700 2439 nilpeccatorum
708 2389 792 2427 illorum
805 2401 902 2428 succres-

95 2464 143 2489 cere
155 2451 238 2501 poterit.
252 2449 288 2488 Sic
301 2450 323 2487 S.
337 2450 500 2498 Clu-ysostomus
510 2450 616 2500 sapienter
627 2450 783 2499 pronunciavit:
798 2451 858 2488 ‚ables
871 2457 904 2489 est

94 2512 231 2557 medicorum,
250 2516 271 2548 ut
282 2522 322 2548 nan
333 2511 392 2560 prius
404 2512 489 2549 morbos
502 2511 601 2563 abigant;
619 2524 680 2562 quam
697 2522 769 2548 eorum
781 2511 850 2548 fontes
868 2523 902 2549 oc·

95 2571 223 2620 cludant”¹].
237 2573 418 2619 ,⁷Fruslraeni1n,
435 2580 458 2611 ut
470 2572 493 2611 S.
504 2574 629 2612 Ambrosius
643 2573 684 2617 ait,
702 2572 823 2611 cicatricem
842 2584 902 2610 cura·

94 2634 162 2680 veris,
175 2634 193 2671 si
205 2639 290 2683 serpant
300 2632 404 2671 interiora
416 2635 526 2685 contagia,
544 2634 584 2672 imo
597 2635 710 2673 acerbatur
721 2634 807 2676 vulnus,
820 2633 902 2670 sileris

96 2693 209 2741 clauditur,
228 2707 274 2734 cum
295 2693 384 2732 interius
405 2695 480 2733 vulnus
496 2694 649 2743 inaestuat’'²).
668 2694 774 2743 Qriaenam
792 2706 843 2731 vero
862 2693 904 2731 sint

94 2754 187 2803 potiores
198 2757 297 2795 vitiorum
307 2756 405 2802 radiceS,
422 2757 515 2795 breviter
527 2758 559 2795 bis
572 2758 595 2796 S.
607 2757 730 2796 Bernardus
741 2756 851 2794 indicavit:
864 2755 903 2795 „si

94 2813 127 2852 vis
141 2816 223 2862 videre,
241 2818 308 2868 qualis
326 2817 354 2855 sit
367 2824 403 2856 tua
419 2820 563 2864 conversatio,
580 2826 601 2857 et
617 2831 677 2869 quam
689 2831 740 2855 vere
753 2818 828 2861 solida,
846 2816 902 2858 vide,

97 2905 284 2916 -·-·-——---.

120 2950 135 2991 1)
146 2948 210 2982 serm.
219 2950 237 2982 2.
246 2951 265 2984 in
273 2951 357 2994 Paralip.
364 2970 388 2976 -
397 2953 413 2994 ²)
422 2951 486 2996 Epist.
496 2952 526 2985 fil,
