2056 3193
465 226 630 278 Noster.

216 352 312 403 Noster,
337 352 430 404 inquam,
448 364 488 392 nou
504 367 578 406 cneco,
599 351 617 393 1.
635 353 692 405 quia,
713 365 758 392 cum
777 356 859 395 unicum
876 355 951 395 haheat

145 417 206 456 filium
221 417 351 462 naturalem,
368 416 433 455 uoluit
446 429 505 468 quam
524 418 623 469 plurimos
636 416 712 455 habere
725 416 833 466 adoptivos
838 434 843 466 ;
863 427 904 459 tum
916 431 950 458 an-

143 480 201 531 gelos
215 485 257 517 tum
270 479 374 525 hemines,
392 480 452 530 idque
464 481 507 526 ita5
526 488 547 519 ut
558 481 610 519 bono
623 479 729 517 filiationis
741 482 881 532 unusquisque
900 495 950 536 gau·

143 541 197 587 deat,
210 554 233 580 ac
247 543 266 580 si
277 543 353 580 nullum
365 542 452 580 haberet
465 550 591 582 consortem.
604 543 655 580 Nam
663 542 717 580 bona
728 542 768 580 Dei
780 554 820 580 uon
832 544 951 584 minuuntur

143 604 329 642 communicatione
341 605 396 641 inter
408 605 486 652 plures.
499 602 519 643 2.
533 605 584 642 Cum
596 605 625 642 ita
637 605 665 641 sit
677 604 808 655 generaliter
820 606 917 652 omnium,
929 614 952 645 ut

144 671 211 702 tamen
225 666 362 716 singulariter
374 666 438 702 Pater
451 665 595 717 singulorum,
614 666 657 703 vult
668 665 800 703 nihilominus
813 665 852 704 diei
865 671 950 718 nostor,

143 733 165 764 ut
183 733 266 764 moneat
283 739 321 764 nos
339 726 445 764 fraternae
465 727 586 773 eharitatis,
604 739 644 777 qua
664 739 735 765 onmes
755 727 811 764 nulla
829 729 951 777 exceptione

143 788 221 839 gradus
237 788 360 839 dignitatis,
384 788 473 834 aetatis,
492 796 553 839 atque
571 795 593 826 ut
610 789 689 826 fratres
707 789 796 826 invicem
820 789 951 840 diligendos,

142 861 220 900 proque
239 849 333 887 omuibus
351 850 487 888 communiter
506 850 619 896 orandum,
637 850 692 888 nullo
713 856 798 900 spretc;
815 850 868 888 unde
886 850 951 889 Mala-

143 910 215 949 chias:
234 911 349 961 „Numquid
365 923 404 949 non
422 912 485 950 Pater
497 925 550 950 unus
566 912 655 949 emnium
673 914 784 950 nestrum?
797 911 894 962 numquid
911 924 951 950 uon

142 984 196 1010 unus
208 973 265 1010 Deus
285 973 366 1011 creavit
379 975 435 1010 nes?
453 985 517 1023 quare
536 985 588 1025 ergo
601 973 690 1023 despicit
704 973 845 1024 unusquisque
864 973 951 1011 fratrem

144 1034 231 1071 suomet
243 1034 298 1072 Nihil
310 1040 378 1071 tamen
391 1040 455 1079 vetat,
468 1035 571 1085 priuatim,
583 1047 620 1084 pre
633 1036 709 1073 affeetu
721 1035 829 1084 aliquando
842 1036 873 1073 sic
884 1035 951 1073 Deum

145 1095 227 1145 alloqui,
240 1096 293 1146 quod
304 1095 333 1133 ita
344 1096 404 1146 pleno
413 1095 462 1144 jure
474 1096 528 1134 filius
541 1097 580 1134 sim
593 1095 712 1146 adoptivus,
724 1109 748 1134 ac
760 1096 778 1134 si
790 1095 855 1133 forem
870 1096 950 1135 unicus.

388 1214 451 1275 Qui
471 1234 504 1265 es
524 1218 558 1265 in
580 1215 706 1266 Ocelis.
746 1220 748 1224 ’

217 1340 267 1378 Cum
279 1340 299 1377 in
313 1341 367 1377 cmni
385 1341 431 1377 loeo
443 1340 480 1384 sit,
501 1339 592 1378 coetum
611 1340 758 1389 exprimimus,
778 1337 796 1378 1.
815 1347 838 1377 ut
852 1334 950 1379 reveren-

142 1402 191 1438 tiam
203 1401 223 1437 iu
241 1400 301 1438 nohis
313 1401 428 1438 excitemus
446 1400 501 1438 illius
513 1401 633 1449 Maiestatis
648 1400 668 1437 in
682 1401 739 1438 coelo
750 1401 808 1437 velut
825 1393 899 1437 throno
914 1403 951 1438 re·

142 1460 236 1497 sidentis.
250 1458 270 1499 2.
289 1460 315 1497 Ut
327 1466 408 1497 mentes
420 1466 504 1498 nostras
516 1461 537 1498 io
550 1461 620 1498 coeles
633 1460 751 1510 erigamus,
769 1460 805 1497 ubi
818 1467 850 1497 est
861 1454 951 1498 filiorum

141 1521 182 1558 Dei
193 1521 261 1569 patria
273 1527 294 1558 et
304 1520 433 1564 haereditas,
445 1516 465 1558 3.
478 1521 505 1558 Ut
518 1522 673 1572 intelligamus,
690 1533 728 1558 nes
741 1520 773 1557 hie
786 1532 834 1557 esse
846 1521 918 1558 exules
931 1528 952 1558 ct
1012 1509 1014 1512 ¹

141 1582 275 1633 peregrinos,
288 1581 364 1619 debere
377 1587 444 1618 autem
457 1581 487 1619 ita
498 1581 583 1627 vivere,¹
596 1581 655 1632 quasi
666 1581 686 1618 in
700 1581 764 1619 ecelis
776 1581 804 1618 sit
818 1581 950 1619 conversatio

142 1648 221 1681 nestra.
233 1639 254 1682 4.
266 1642 293 1681 Ut
304 1655 439 1688 moneamur,
456 1643 505 1681 illue
518 1644 590 1682 oculos
603 1643 731 1693 animumque
751 1643 835 1688 levare,
853 1643 905 1680 unde
917 1655 950 1681 so-

141 1705 183 1743 lum
201 1704 272 1743 veniet
283 1704 381 1743 auxilium
397 1704 463 1742 nohis.
482 1704 567 1743 Ocelum
586 1716 665 1756 quoque
682 1710 703 1742 ct
713 1704 817 1754 propriae
834 1704 875 1742 Dei
889 1705 951 1743 sedes

141 1773 190 1806 sunt
208 1767 288 1806 animae
300 1773 386 1807 sanctae
405 1779 415 1805 e
432 1767 497 1805 terris
516 1763 622 1813 elevatae,
636 1761 656 1805 in
669 1767 742 1818 quibus
754 1766 833 1805 habitat
844 1767 901 1805 Deus
913 1778 951 1818 per

141 1830 245 1883 gratiam,
263 1838 282 1869 et
301 1843 351 1883 quas
363 1830 439 1868 lumine
454 1830 580 1883 cognitionis
592 1842 642 1868 suae
661 1830 796 1880 peculiariter
807 1824 908 1869 illustrat.
922 1852 951 1857 —

142 1893 251 1933 Hactenus
263 1893 406 1945 prooemium3
424 1900 538 1944 sequuntur
549 1893 668 1944 petitiones.

276 2015 296 2064 Ι.
319 2013 576 2065 Sanctificetur
593 2030 713 2063 nomen
732 2019 836 2062 tuum(
865 2005 868 2011 ¹
902 2025 904 2027 ’

217 2136 242 2186 1]
254 2139 370 2183 Hehearis,
388 2138 454 2189 qualis
467 2151 503 2183 es,
521 2142 602 2189 puruS‚'
617 2140 715 2183 sauctus,
729 2137 810 2187 justus,‘
827 2130 906 2192 verus,
917 2136 951 2175 rc·

142 2206 196 2239 ctus'
213 2200 269 2239 Nihil
281 2202 310 2239 ite
321 2200 497 2246 Deosvaestimat,
515 2201 611 2251 quam-ut
620 2205 706 2238 sanctus
724 2199 826 2237 habeatur
837 2197 859 2236 et
869 2198 951 2248 praedi·

144 2268 209 2300 cetur
222 2262 280 2301 Unde
292 2263 356 2300 toties
369 2262 409 2299 ait:
424 2261 512 2313 „Sanc-ti
524 2268 599 2306 estote,
612 2261 706 2313 quiaegc
719 2262 805 2307 sanctus
818 2258 883 2303 sumf'
896 2259 952 2299 Hine

142 2323 208 2361 iratus
221 2330 253 2361 est
266 2330 339 2362 contra
348 2324 438 2372 Moysen
451 2330 471 2360 et
482 2325 560 2368 Aron,‘
571 2323 624 2373 quod
634 2335 674 2359 uon
687 2322 857 2361 sanctificassent
869 2315 951 2358 eumad

143 2396 205 2433 aquas
218 2385 474 2423 contradictionis-ceram
487 2385 534 2422 filiis
547 2380 619 2421 Israel.
630 2377 710 2421 ”Perre
719 2384 739 2420 in
751 2395 813 2420 unum
822 2388 865 2419 ‘est
875 2381 950 2419 Beato-

143 2457 187 2481 rum
209 2458 303 2483 carmen:
321 2445 426 2489 Sanctus5
444 2437 542 2496 sanetus,
560 2451 653 2482 sanctus.
677 2440 702 2490 2]
721 2445 765 2481 Nou
784 2444 825 2488 ait:
841 2437 950 2487 Potentia,

144 2511 178 2542 aut
189 2506 404 2557 MaJestastuassed
412 2519 417 2542 :
425 2505 521 2556 'Nmnen
528 2510 613 2556 'tacemus
621 2510 644 2541 ut
655 2499 715 2541 simul
734 2498 838 2550 includat,¹
855 2502 951 2552 quidquid

130 2565 183 2602 “Dei
195 2566 246 2614 apud
258 2558 299 2604 nes
305 2567 440 2617 nommetur,
459 2572 523 2604 totum
537 2563 642 2603 uidelicet
653 2571 747 2612 sanctum
761 2576 821 2608 esse,
840 2563 914 2615 et‘pro
927 2576 951 2601 eo

143 2621 296 2665 celebrandum.
305 2627 513 2676 -Nonrinaturautem
525 2626 680 2674 Omnipotens,>
693 2623 783 2674 Sapiens
790 2637 796 2668 ρ
810 2623 898 2661 Creator
911 2619 950 2667 etc.

142 2684 168 2734 3]
184 2685 270 2736 Tecum7
280 2678 369 2737 ·inq11itj,3
381 2688 428 2737 quia
444 2688 514 2738 sulum
530 2690 605 2735 ltcumj
627 2693 659 2723 est
676 2678 827 2734 sanctum'per
847 2679 950 2733 seipsum,

141 2739 195 2786 unde
203 2746 258 2796 justi
269 2749 400 2786 sanctitatem
413 2747 545 2797 participant.
565 2749 624 2798 Ergo
639 2740 761 2797 tozonsno'o
775 2739 951 2797 oostrttntxttegi

142 2810 262 2848 seculorum
274 2808 385 2846 immortali
393 2805 529 2853 etinvisibili,
542 2808 581 2846 seli
594 2806 639 2845 Deo
651 2807 753 2845 honoret
764 2806 833 2857 gloria
847 2799 871 2844 inv
879 2801 952 2860 secula

136 2872 269 2909 seculorum.
288 2869 330 2907 C'ur
341 2870 450 2921 ‘ergffta‘m
465 2871 558 2908 studiose
571 2869 659 2920 gloriam
672 2875 773 2916 nostram,
791 2863 811 2906 et
823 2862 950 2922 grandemq-

143 2945 188 2972 men
208 2933 345 2984 quaerimus?
363 2929 389 2979 4]
406 2933 507 2972 Absolute
519 2933 557 2971 ait:
575 2928 808 2983 Stertctilt'eetm'3'·ucn'
815 2923 951 2981 restringens
