2056 3193
384 233 407 282 2,
429 230 508 283 thdtus
527 231 567 283 Dei
588 233 719 284 communis.

219 353 236 404 ξ.
251 348 300 391 154.
313 353 410 404 Diligens
424 355 492 392 cuitus
503 356 543 392 Dei
557 356 669 392 corumunis
682 356 754 392 diebus
767 358 876 395 tlorniuicis
889 357 950 395 1111-

146 415 205 451 stivis
223 413 372 462 frequentatio,
395 438 424 442 —
446 415 541 465 inprimis
558 416 617 453 verbi
635 416 698 453 divini
716 422 737 453 et
755 418 853 455 sacrificii
872 420 949 456 Missae

145 482 223 515 attenta
235 475 322 523 auditio,
340 477 491 517 satisfactionis
503 478 548 517 ioco
561 477 698 516 sahrberrime
709 478 845 529 praecipitur.
870 481 951 533 Optima

144 553 194 579 sane
206 540 319 579 medicina!
338 543 450 593 praecipue
469 555 504 592 pro
523 542 596 592 tepidis
609 542 713 581 etiusciis
726 542 861 589 Christianis,
880 553 903 583 ut
921 546 950 584 sic

144 603 241 641 libentius
255 610 275 641 et
287 605 376 641 alacrius
389 604 461 642 virtuti
474 604 558 641 studere
571 610 679 655 satagant,
699 612 719 643 et
737 606 826 642 virtutes
841 608 951 658 religionis

145 664 276 701 Christianae
296 665 369 700 melius
387 671 520 713 pernoscant.
553 666 669 703 Jrrvenibus
692 667 828 714 [praesertim
847 669 903 712 ruri,
931 676 952 705 et

144 725 241 769 rudibus]
270 724 359 773 diligens
388 724 526 773 frequentatio
555 725 739 762 catechisationum
763 726 950 774 pcnneridianarum

144 782 342 829 (Christeulehren]
362 789 458 833 tanquam
470 795 521 831 opus
534 785 655 821 medicinale
668 797 707 821 uon
720 785 769 821 utile
788 786 858 829 niodo,
877 786 913 822 sed
932 793 951 822 et

145 843 288 881 necessarium
300 843 382 894 injungi
393 850 468 892 potest.

217 904 261 943 uisi
274 904 358 957 negotia
371 904 495 951 domestica,
508 906 587 944 aliaeve
599 918 634 944 res
645 906 785 957 poenitentem
797 906 919 957 impediant,
933 907 950 945 11

144 968 163 1007 111
176 968 340 1007 satisfactionem
353 969 469 1019 praescribi
487 976 565 1020 potest,
584 976 606 1008 ut
623 977 681 1010 certo
699 984 736 1021 per
753 970 900 1010 hebdomadam
919 971 950 1010 die

144 1032 255 1071 ecclesiam
267 1032 337 1077 adeat,
355 1038 376 1069 ut
388 1032 482 1070 devotius
496 1045 565 1071 coram
579 1033 619 1071 SS.
631 1034 710 1072 Altaris
723 1034 862 1072 Sacramenta
875 1046 950 1085 preces

144 1095 226 1139 fundat,
239 1101 274 1131 aut
286 1095 365 1131 Missae
378 1095 482 1133 sacrificio
495 1095 590 1140 intersit,
604 1103 691 1144 peccata
703 1109 740 1133 sua
752 1097 907 1142 detestaturus,
926 1109 949 1134 ac

143 1156 197 1193 bona
208 1155 315 1204 proposita
327 1163 472 1194 renovaturus.
498 1155 554 1203 Quod
572 1157 590 1193 si
608 1164 676 1194 autem
696 1157 733 1194 hoc
752 1158 823 1195 diebus
842 1157 950 1195 ferialibus

143 1216 190 1251 fieri
202 1222 300 1263 nequeat,
319 1216 427 1252 dominicis
440 1223 461 1252 et
473 1216 555 1252 festivis
567 1217 613 1259 fiat:
632 1224 653 1253 et
668 1217 760 1265 quamvis
777 1218 870 1254 ominbus
887 1218 949 1254 domi-

143 1275 195 1311 nicis
208 1281 228 1311 et
240 1275 323 1310 festivis
336 1275 407 1311 diebus
420 1276 524 1312 iuteresse
537 1276 605 1311 divino
618 1276 688 1312 officio
702 1283 804 1320 tencatur,
823 1277 949 1323 praeriiteutia

143 1340 210 1371 tamen
223 1334 273 1372 haec
287 1334 311 1371 ad
323 1333 439 1381 hujusmodi
451 1334 495 1371 dies
508 1347 593 1372 uumcro
607 1335 755 1373 determinatos
768 1335 850 1372 extendi
862 1342 938 1385 potest.

217 1395 315 1434 Ceterum
327 1395 465 1447 poenitentem
478 1396 566 1435 11111111
574 1395 644 1445 juvat,
660 1409 711 1448 quae
724 1397 748 1434 de
760 1396 894 1435 Eucharistia
906 1403 950 1434 tau-

143 1473 202 1512 quam
221 1459 326 1500 sacrificio
345 1459 491 1500 Catechismus
509 1461 614 1500 Romarurs
634 1461 706 1501 tradit:
726 1460 766 1501 SS.
786 1460 920 1500 Eucharistia
939 1474 949 1499 a

144 1523 227 1561 Christo
240 1525 328 1561 Domino
341 1523 436 1561 instituta
449 1531 531 1562 estnon
545 1526 619 1568 solum,
634 1532 655 1562 ut
667 1525 759 1562 coeleste
772 1525 851 1562 animae
864 1531 949 1562 nostrae

143 1585 260 1624 alimentum
274 1592 341 1631 essct,
360 1598 398 1635 quo
418 1586 480 1623 vitam
496 1586 625 1635 spiritualem
639 1586 693 1624 tueri
706 1593 725 1623 et
738 1598 864 1624 conservare
877 1598 949 1635 posse-

143 1660 201 1692 mus,
214 1648 250 1685 sed
263 1647 324 1684 etiam
344 1653 380 1686 1111
391 1648 489 1685 Ecclesia
506 1654 628 1696 perpetuum
648 1648 775 1686 sacrificium
794 1648 890 1693 haberet,
911 1660 949 1697 quc)

142 1714 228 1755 peccata
250 1715 322 1744 nostra
338 1708 480 1755 expiarentur,
499 1714 519 1744 et
532 1708 630 1745 coelestis
648 1709 712 1745 Pater
735 1709 851 1746 sceleribus
871 1708 949 1744 nostris

142 1779 204 1815 saepe
217 1767 312 1816 graviter
332 1768 436 1810 ostensus,
456 1768 479 1803 ab
498 1768 530 1803 ira
554 1768 578 1802 ad
597 1767 772 1811 misericordiam,
792 1781 802 1803 a
822 1767 893 1812 justae
916 1767 949 1802 ad-

142 1826 246 1863 versionis
265 1826 379 1863 severitatc
401 1826 424 1863 ad
444 1826 573 1863 clementiam
594 1826 760 1863 traduceretru·.⁷'
791 1825 949 1868 „Eucharistim

142 1893 164 1925 ut
179 1887 306 1926 sacrificium
327 1893 368 1932 cst,
387 1899 426 1925 uon
446 1887 539 1925 merendi
557 1887 635 1932 sohmr,
654 1888 690 1925 sed
709 1886 852 1924 satisfaciendi
871 1897 949 1937 quoque

143 1951 276 1992 efficientiam
290 1951 386 1992 continet.
399 1952 450 1991 Nam
463 1958 485 1991 ut
498 1950 595 1991 Christus
608 1950 709 1990 Doruiuus
721 1950 742 1989 iu
754 1949 850 2003 passione
863 1962 900 1989 sua
911 1961 949 2001 pro

143 2017 202 2055 uobis
214 2016 291 2054 meruit
303 2023 322 2054 et
335 2015 449 2061 satisfecit,
462 2016 493 2053 sic
509 2016 542 2067 qui
560 2015 598 2053 hoo
611 2015 737 2054 sacrificium
750 2016 849 2059 offerunt,
863 2027 901 2065 quo
914 2026 948 2051 no·

142 2079 222 2117 hiscum
231 2079 389 2123 communicant,
401 2078 523 2116 Dominicae
532 2077 636 2127 passionis
644 2078 725 2115 fructus
734 2083 847 2122 merentur,
861 2083 881 2114 et
888 2076 950 2114 satis-

142 2139 233 2177 faciunff'
250 2138 274 2186 1),
304 2139 370 2186 Quam
389 2151 515 2189 magnopere
534 2139 612 2175 Missae
633 2138 761 2176 sacrificium
781 2138 875 2175 frdehbus
895 2149 949 2174 11111-

143 2201 240 2238 mendare
254 2200 369 2249 oportebit!

214 2263 344 2300 Peccatores
356 2261 459 2312 singulari
472 2274 524 2313 erga
536 2262 610 2299 Jesum
624 2261 729 2299 Christum
743 2261 900 2303 Redemtorem,
917 2257 951 2307 qui

144 2336 165 2360 se
184 2324 273 2374 quotidie
292 2324 311 2361 111
329 2323 409 2361 scissae
427 2323 532 2362 sacrificio
544 2323 604 2360 Patri
616 2329 701 2360 aeterno
714 2323 733 2359 in
746 2324 834 2360 salutem
847 2320 950 2359 homiuum

143 2386 212 2428 offert,
226 2385 334 2421 devotione
347 2385 442 2427 affectos,
456 2391 476 2421 et
487 2397 524 2431 per
537 2384 594 2420 Illius
607 2385 681 2420 merita
694 2396 730 2431 pro
744 2382 889 2420 conversionis
901 2391 950 2429 gra·

144 2443 171 2478 tia
183 2442 291 2479 obtinenda
302 2444 347 2479 Deo
361 2443 476 2491 supplices,
496 2443 556 2480 facile
576 2443 682 2485 exaudiri,
701 2441 753 2477 satis
773 2445 856 2478 constat
875 2448 903 2475 ex·
915 2450 949 2481 eo,

143 2503 195 2552 quod
207 2503 250 2552 ipse
263 2503 350 2542 aPatre
363 2503 437 2541 mundo
450 2503 551 2546 datussit
562 2509 660 2551 tanquam
672 2501 801 2546 advocatus,
814 2498 918 2537 Mediator
931 2504 951 2535 et

142 2564 275 2618 Propitiator.
286 2565 357 2607 oUnus
365 2564 466 2606 mediator
474 2564 514 2605 Dei
523 2572 543 2605 et
550 2563 653 2604 honriuum
662 2563 722 2603 homo
732 2563 829 2603 Christus
838 2560 853 2599 J
855 2560 916 2600 esus’“'
924 2558 950 2610 2);

143 2637 163 2670 et
183 2630 221 2672 „Si
239 2631 283 2681 quis
302 2631 432 2683 peccaverit,
452 2631 575 2669 advocatum
593 2629 693 2669 habemus
710 2630 762 2680 apud
777 2629 863 2666 Patrem
875 2626 950 2666 Jesum

142 2694 250 2733 Christum
264 2693 353 2741 justumg
371 2701 392 2732 ct
408 2695 453 2745 ipse
472 2700 504 2732 est
515 2693 634 2744 propitiatio
647 2707 684 2743 pro
697 2692 791 2743 peccatis
804 2691 893 2737 nostris,
910 2702 949 2728 non

141 2768 178 2808 prro
197 2755 277 2794 nostris
295 2762 382 2801 tautum,
403 2757 439 2794 sed
458 2756 519 2794 etiam
538 2768 575 2805 pro
593 2755 656 2793 totius
670 2754 751 2793 ttondit
766 2751 791 2799 ὃ),
815 2752 951 2802 Experientia

144 2859 337 2867 ...Μὴ-.-

166 2919 181 2957 1)
200 2914 319 2949 Catechism.
338 2915 393 2946 Rom.
411 2918 431 2949 P.
450 2917 473 2948 u.
492 2925 507 2948 c.
526 2917 543 2948 ¹4.
563 2925 580 2957 q.
599 2915 628 2947 51.
645 2916 675 2947 55.
695 2931 716 2936 κ
735 2915 750 2951 ²)
764 2913 778 2944 l.
794 2912 876 2944 Tituli.
891 2913 908 2943 5.
926 2926 950 2932 -

198 2967 214 3006 ³)
223 2965 238 2997 1.
249 2965 305 2997 Joan,
315 2963 339 2995 ΙΙ.
352 2964 368 2996 l.
382 2964 399 2995 2.
