2056 3193
143 102 188 157 226

146 236 220 267 sancto
241 230 330 271 directa,
353 239 397 263 eam
417 224 560 264 mediatricem
580 231 683 270 nostram,
706 228 826 266 advocatam
844 232 948 271 nostram,

145 289 250 337 refugium
262 292 406 337 peecatorum,
419 286 582 322 consolationem
594 286 729 329 afflictorum,
743 289 840 324 auxilium
852 286 948 324 christia-

144 358 217 385 norum
228 345 248 382 in
260 344 348 395 publicis
361 343 490 383 orationibus
502 357 526 384 ac
538 345 616 383 litaniis
628 343 694 382 indies
706 343 813 400 nominat,
826 352 847 384 et
858 346 895 384 sub
908 344 948 383 eis-

145 411 189 450 dem
201 407 267 448 titulis
278 408 376 450 invocat?
395 410 423 449 Et
437 423 497 458 sane,
514 417 577 462 prout
592 415 671 449 tantum
686 407 817 449 innocentiae
830 418 891 463 atque
902 423 948 462 per·

144 472 241 510 fectionis
253 474 369 522 exemplum
381 473 491 511 maximam
501 474 523 510 in
534 479 614 510 mentes
628 478 714 509 nostras
728 472 770 509 vim
786 473 837 518 edit,
855 475 886 511 ita
902 486 949 523 quo-

144 544 182 580 que
195 532 286 569 dubitari
303 545 343 570 non
361 539 441 581 potest,
458 533 535 570 Matris
551 532 603 580 apud
620 532 695 568 Filium
712 532 887 569 intercessionem
905 534 950 569 fore

143 591 206 640 longe
225 592 400 628 efficacissimam.
423 592 510 639 Insuper
526 597 623 640 quantum
638 591 732 639 piissima
746 590 816 626 Mater
834 592 950 639 exoptabit,

142 656 166 692 ut
183 650 348 705 pretiosissimus
367 650 453 707 sanguis
473 650 553 692 Christi
570 651 688 692 uberrimos
710 650 846 692 redemtionis
868 651 951 693 fruetus

143 717 212 755 ferat!
231 716 296 765 Quam
307 724 422 755 maternam
434 717 500 768 igitur
513 730 584 773 curam
596 718 710 766 impendet,
729 724 752 755 ut
770 717 858 755 clientes
877 717 910 754 sui
927 718 950 755 de

143 777 298 814 infirmitatibus
314 778 369 822 suis,
388 777 462 826 quibus
478 778 628 825 deprimuntur,
647 777 737 814 feliciter
750 783 870 826 emergant,
889 783 950 824 atque

144 836 169 871 ad
187 836 346 872 convenientem
369 836 519 884 perfectionem
543 837 672 873 eluctentur!
701 835 833 884 Quapropter
856 835 950 870 omnibus

142 896 303 948 peccatoribus,
321 896 401 949 pariter
420 901 440 935 et
454 895 530 948 justis,
550 895 647 950 specialis
667 909 720 952 erga
737 896 821 936 beatam
838 894 951 949 Virginem

143 961 232 1000 Mariam
245 962 351 1000 devotioa
363 961 494 1001 confessario
508 962 668 1000 commendanda
680 969 718 1000 est.
739 960 770 1001 „0
783 960 876 1011 quisquis
888 967 909 998 te
921 959 951 997 in-

143 1022 233 1072 telligis,
252 1023 356 1059 exclamat
374 1023 396 1059 S.
414 1023 547 1065 Bernardus,
566 1022 587 1058 in
599 1022 660 1068 hujus
672 1023 753 1060 saeculi
766 1021 869 1069 profluvio
882 1020 951 1070 magis

142 1080 198 1117 inter
209 1082 313 1128 procellas
326 1088 347 1117 et
358 1087 497 1129 tempestates
515 1082 630 1125 fluctuare,
650 1093 710 1129 quam
726 1093 764 1130 per
783 1086 862 1117 terram
881 1080 951 1115 ambu-

143 1140 199 1188 lare,
218 1152 243 1179 ne
256 1147 341 1180 avertas
357 1141 429 1181 oculos
450 1141 558 1194 afulgore
573 1140 634 1191 hujus
650 1141 737 1189 sideris,
756 1141 829 1179 sinon
843 1139 875 1177 vis
892 1138 952 1177 obrui

144 1206 250 1256 procellis.
270 1205 294 1245 si
304 1206 417 1259 insurgant
428 1206 487 1245 renti
497 1206 646 1252 tentationum,
665 1207 683 1245 si
694 1207 792 1246 incurras
804 1205 902 1255 scopulos
914 1203 952 1242 tri-

144 1267 281 1311 bulationum,
300 1269 383 1315 respice
396 1268 496 1311 Stellam,
514 1279 567 1304 voca
578 1268 717 1305 Maria1n.·Si
732 1267 823 1315 jactaris
841 1266 952 1314 superbiae

144 1326 214 1370 undis,
227 1327 245 1362 si
257 1327 386 1370 ambitionis,
402 1327 421 1362 si
433 1326 580 1370 detractionis,
597 1326 615 1361 si
627 1326 783 1369 aemulationis,
800 1325 883 1372 respice
896 1324 952 1360 Stel-

145 1385 197 1432 lam,
215 1397 268 1425 voca
279 1386 376 1425 Mariam.
400 1385 425 1424 st
436 1386 544 1426 iracundia
557 1392 592 1424 aut
604 1386 704 1433 avaritia,
724 1391 759 1424 aut
771 1385 841 1424 carnis
853 1384 953 1423 illecebra

148 1450 265 1490 naviculam
284 1451 417 1491 concusserit
434 1451 520 1497 mentis,
538 1450 621 1501 respice
640 1451 665 1490 ad
682 1451 779 1490 Mariam.
803 1449 827 1488 Si
844 1448 954 1488 criminum

147 1512 276 1548 immanitate
289 1514 395 1556 turbatus,
415 1513 556 1549 conscientiae
571 1513 671 1548 foeditate
690 1513 799 1555 confusus,
813 1511 888 1557 judieii
904 1510 952 1545 hor·

146 1582 195 1606 rore
207 1571 346 1618 perterritus,
359 1570 459 1608 barathro
471 1571 561 1619 incipias
573 1571 684 1607 absorberi
695 1571 807 1613 tristitiae,
824 1567 953 1617 desperatio-

146 1629 179 1667 nis
191 1631 277 1681 obysso,
295 1631 367 1685 cogita
377 1631 473 1670 Mariam.
491 1632 513 1669 ln
526 1630 635 1683 periculis,
647 1630 667 1669 in
680 1630 795 1685 angustiis,
808 1629 828 1667 in
840 1629 904 1667 rebus
917 1627 953 1667 du-

147 1693 187 1733 biis
199 1695 289 1735 Mariam
301 1696 382 1749 cogita,
394 1696 483 1735 Mariam
494 1695 580 1735 invoca’¹
596 1694 621 1744 ¹).

180 1799 201 1849 l.
216 1799 308 1850 berotto
323 1814 379 1868 ergo
392 1800 503 1867 Angelum
517 1801 633 1851 custodem
647 1804 786 1868 sanctosque
799 1804 915 1866 patronos.

219 1897 237 1955 ξ.
251 1894 301 1941 156.
318 1900 457 1941 Deuotionem
473 1914 553 1954 quoque
568 1915 622 1956 erga
637 1901 731 1956 Angelos
746 1901 849 1942 tutelares
864 1915 904 1944 non
918 1917 954 1957 pa·

145 1977 192 2002 rum
205 1965 322 2003 conducere
335 1967 359 2004 ad
372 1967 521 2016 emergendum
533 1980 544 2003 e
557 1973 615 2003 statu
633 1967 715 2014 peccati
733 1973 753 2003 et
771 1966 795 2003 ad
814 1979 953 2014 perseveran-

145 2025 192 2060 dum
205 2036 228 2060 ac
241 2025 390 2071 proficiendum
401 2025 421 2060 in
440 2026 510 2073 gratia
522 2026 571 2068 Dei,
591 2026 653 2061 facile
666 2026 750 2061 suaderi
762 2031 832 2071 potest
844 2039 870 2062 ex
882 2040 916 2070 eo,
936 2028 955 2063 si

144 2082 220 2133 ingens
232 2083 282 2119 illud
301 2084 399 2134 gaudium
412 2083 582 2128 consideramus,
595 2095 633 2133 quo
646 2084 766 2121 afficiuntur
778 2096 842 2132 super
853 2097 893 2123 uno
905 2098 953 2136 pec-

146 2151 218 2186 catore
236 2145 387 2198 poenitentiam
399 2143 512 2200 agend).
530 2144 633 2197 Quantum
648 2153 692 2187 tum
706 2146 788 2200 peccati
806 2145 895 2196 horror,
911 2155 955 2189 tum

146 2210 237 2248 studium
249 2210 269 2247 in
280 2211 361 2248 virtute
373 2211 496 2260 proficiendi
508 2219 603 2256 acuetur,
616 2212 634 2249 si
646 2213 743 2263 angelum
755 2218 849 2249 nostrum
866 2220 889 2251 ut
900 2219 954 2250 tute·

146 2270 218 2313 larem,
236 2276 332 2306 nostrum
344 2272 418 2318 ubique
437 2271 544 2314 comitem,
562 2271 693 2307 hortatorem
712 2278 773 2319 atque
790 2277 878 2314 testem,
897 2272 955 2320 cogi·

147 2329 223 2365 tamus!
242 2328 337 2367 ’'Adsunt
354 2329 440 2381 Angeli,
458 2329 525 2378 inquit
539 2331 620 2367 Doctor
635 2330 757 2374 mellifluus,
779 2334 800 2365 et
818 2330 893 2366 adsunt
910 2330 955 2374 tibi,

147 2400 186 2429 non
198 2389 256 2431 modo
269 2397 351 2440 tecum,
370 2390 407 2432 sed
419 2390 483 2432 etiam
494 2405 532 2444 pro
545 2398 572 2432 te.
584 2392 682 2440 adsunt,
694 2398 717 2432 ut
727 2397 854 2446 protegant,
867 2391 954 2440 adsunt,

147 2460 170 2491 ut
190 2456 277 2505 prosint.
302 2456 355 2505 Quid
372 2457 409 2495 sub
430 2457 493 2494 tantis
517 2457 638 2495 custodibus
662 2458 786 2495 timeamus?
810 2459 900 2494 Tantum
922 2470 954 2495 se-

148 2527 232 2563 quamur
244 2518 293 2553 eos'⁷
301 2516 327 2563 ³).
341 2517 473 2565 Quapropter
486 2518 630 2554 confessarius
642 2519 774 2565 poenitentes
787 2518 812 2553 ad
824 2517 955 2554 devotionem

147 2585 201 2623 erga
212 2575 314 2623 Angelum
326 2575 434 2613 custodem
447 2575 555 2619 hortetur,
575 2582 698 2625 moneatque
711 2589 757 2614 cum
768 2575 864 2623 praefato
875 2576 955 2613 Docto-

146 2646 184 2673 re:
205 2632 245 2674 „Ut
256 2635 336 2687 quoties
349 2635 478 2692 gravissima
490 2636 583 2676 cernitur
596 2648 675 2692 urgere
688 2636 785 2683 tentatio,
802 2635 908 2678 tribulatio
920 2650 955 2678 ve·

146 2699 233 2738 hemens
245 2698 359 2749 imminere,
371 2702 456 2741 invocet
468 2702 554 2753 quisque
567 2703 674 2742 custodem
686 2716 753 2748 suum,
766 2701 874 2741 ductorem
885 2716 956 2750 suum,

147 2759 266 2809 adjutorem
278 2774 347 2808 suum,
358 2765 378 2801 in
392 2765 595 2813 opportunitatibus,
607 2765 628 2801 in
640 2766 782 2802 tribulatione.

171 2880 186 2919 1)
196 2878 253 2911 Hom.
264 2879 282 2910 2,
292 2886 360 2920 super:
370 2878 502 2921 ‚,ll1issusest“
512 2880 564 2913 circa
573 2878 604 2913 fin.
614 2879 759 2914 -catecnisn
769 2879 825 2913 Rom.
835 2880 857 2913 Ρ.
867 2880 899 2914 IV.
910 2891 927 2915 c.
937 2882 955 2915 5.

196 2939 214 2975 q.
223 2930 241 2966 8.
260 2949 284 2955 -
299 2931 315 2973 ²)
324 2928 372 2965 Luc.
382 2929 423 2965 XV.
435 2932 463 2967 10.
481 2952 505 2958 -
522 2933 538 2976 ³)
547 2931 611 2968 Serra.
622 2933 651 2969 12.
661 2930 810 2969 inbannire.
820 2933 850 2968 90.
