2017 3193
373 243 511 313 llbjeclionis
525 244 616 299 solutio.

166 380 183 434 ξ.
198 378 247 421 165.
261 382 363 433 Superest
376 384 446 428 modo,
464 388 488 419 ut
503 381 528 418 ad
543 381 672 429 objectiones
686 394 811 432 responsum
827 380 900 418 demus
922 391 924 394 ’

90 445 189 487 11101010,
202 443 242 492 qui,
254 445 325 482 nescio
338 458 377 495 quo
390 444 466 494 spiritu
479 442 543 486 ducti,
555 442 717 491 frequentationi
732 443 792 491 hujus
804 441 901 491 mysterii
925 491 928 494 .

92 504 142 541 adeo
154 504 236 541 molesti
248 512 302 550 sunt,
314 512 336 543 ut
347 507 403 543 illam
423 502 571 546 dissuadeant,
590 507 625 539 aut
640 507 737 551 tanquam
753 504 899 551 periculosam,

91 576 116 601 00
128 564 195 601 dicam
207 567 382 614 superstitiosam,
395 564 528 613 exprobrare
537 574 576 599 non
587 568 709 600 vereantur.
724 563 777 599 Num
789 575 900 611 possumus

90 624 272 664 nonvehementcr
288 627 368 676 quidem
381 626 405 662 de
417 624 449 661 his
461 624 545 668 dolere,
557 635 630 660 verum
649 623 745 660 nolumus
753 635 790 672 pro
799 624 900 661 modestia

91 686 207 724 christiana
219 688 348 732 existimare,
359 686 419 723 viros
430 685 468 722 hos
488 690 508 721 et
518 685 552 722 vel
571 684 730 726 ecclesiasticos
746 683 781 734 agi
799 696 900 733 perverso

89 747 199 797 iniqueque
212 749 287 792 animo,
300 747 337 784 sed
349 747 421 783 forsan
434 745 536 794 ejusmodi
550 745 605 790 zelo,
625 757 685 795 quem
703 757 743 782 non
760 756 808 781 esse
827 756 901 782 secun·

91 808 137 844 durn
158 809 268 846 scientiam
284 808 418 845 arbitramur.
443 806 527 843 Etenim
544 806 733 855 frequentationem
752 805 901 843 sanctissimae

89 868 236 917 Eucharistiae
244 880 348 905 examore
358 867 438 905 Christi
449 867 554 903 utiliorem
562 872 583 903 et
593 866 759 904 fructuosiorem
772 878 827 911 esse,
840 878 901 915 quam

89 929 235 965 abstinentiam
248 929 272 965 ab
285 940 310 964 ea
322 940 347 964 ex
364 927 517 964 irreverentiae
535 933 599 971 10010,
618 926 693 976 liquido
711 932 795 964 constat
812 932 855 963 tum
873 938 899 963 ex

88 988 175 1025 Veteris
187 988 297 1025 Ecclesiae
307 987 350 1036 jam
366 987 456 1025 inde'ab
474 987 622 1036 Apostolorum
640 986 769 1035 temporibus
788 992 900 1023 consuetu·

89 1048 135 1085 dine
148 1054 169 1084 et
180 1048 315 1092 auctoritate,
327 1054 370 1085 tum
383 1060 408 1085 ex
420 1048 488 1085 effatis
501 1047 542 1084 SS.
554 1047 642 1084 Patrum
658 1052 679 1083 et
695 1047 813 1084 Doctorum
824 1047 899 1083 Eccle-

88 1108 140 1153 siae,
153 1120 279 1158 graecorum
291 1120 331 1146 000
343 1108 411 1146 1111000
423 1120 447 1146 10
459 1108 582 1152 11111101001,
596 1107 644 1157 quin
656 1106 697 1143 imo
710 1118 735 1144 ex
746 1106 862 1144 rationibus
875 1107 900 1144 ab

89 1169 218 1218 experientia
230 1169 305 1207 ductis.
317 1170 365 1206 Janr
378 1169 410 1206 his
422 1168 517 1206 omnibus
529 1168 655 1206 satisfacere
667 1167 805 1205 institutionis
813 1174 899 1205 nostrae

88 1229 142 1266 ratio
154 1229 257 1278 prohibet,
269 1230 319 1268 11001
330 1230 389 1267 labor
401 1229 470 1267 facilis
483 1235 504 1266 01
514 1240 653 1278 peramoenus
669 1234 733 1265 esset.
753 1228 819 1265 Unam
830 1232 899 1266 tamen

89 1289 234 1338 objectionem,
246 1290 266 1327 in
279 1303 318 1341 qua
330 1291 440 1340 plurimum
454 1290 572 1327 adversarii
583 1290 673 1334 instant,
690 1289 711 1326 in
723 1289 811 1327 medium
823 1289 899 1339 produ-

89 1364 138 1391 cere
146 1351 213 1400 juvat.
227 1352 294 1391 Sonat
304 1352 325 1390 in
336 1352 391 1392 huuc
403 1353 495 1391 modum:
508 1350 548 1400 Qui
558 1364 608 1390 raro
622 1351 724 1391 accedunt
736 1351 761 1390 ad
772 1350 899 1391 110081011-

89 1420 187 1460 mentum,
199 1427 277 1466 magna
290 1427 336 1454 cum
353 1415 461 1453 devotione
480 1414 583 1453 accedunt
601 1414 626 1452 ad
636 1413 697 1459 illud,
717 1413 812 1464 quivero
829 1427 899 1465 saepe,

88 1476 166 1528 frigide
179 1482 199 1514 et
210 1477 306 1515 indevote
319 1477 428 1522 accedunt,
441 1489 466 1515 ex
478 1476 565 1527 quadam
577 1476 645 1526 potius
658 1475 821 1522 consuetudine,
839 1488 900 1527 quarn

89 1550 115 1575 ex
127 1538 249 1584 devotione,
269 1545 291 1576 ut
301 1539 395 1577 videmus
407 1539 428 1576 111
439 1539 478 1583 110,
496 1538 531 1589 qui
548 1538 671 1588 frequenter
684 1549 779 1576 mensam
795 1538 899 1577 Euchari-

89 1599 164 1637 sticam
176 1600 284 1644 accedunt,
297 1601 345 1650 quin
356 1601 396 1638 imo
414 1600 434 1637 in
446 1600 550 1637 nonnullis
566 1600 725 1644 sacerdotibus,
743 1599 777 1650 qui
792 1600 817 1637 ob
833 1600 899 1650 quoti·

89 1660 169 1698 dianam
182 1660 371 1710 frequentationem
384 1662 434 1699 adeo
446 1661 592 1698 irreverenter
605 1667 625 1698 et
636 1661 733 1699 indevote
746 1661 861 1707 celebrant,
874 1674 899 1700 10

89 1721 108 1758 01
120 1727 209 1772 agerent
221 1722 307 1771 quodvis
320 1723 374 1760 aliud
386 1734 445 1772 opus,
458 1722 589 1772 quantumvis
600 1722 718 1772 profanum,
729 1722 750 1759 in
758 1734 817 1760 suam
828 1723 898 1772 perni-

89 1782 141 1820 01010
154 1794 292 1833 magnamque
304 1779 439 1821 offensionem
450 1783 521 1833 populi
533 1783 654 1821 Christiani.
673 1782 743 1831 Quare
761 1783 837 1833 liquido
850 1796 898 1822 000-

89 1848 138 1887 0111,
150 1843 224 1880 1001100
237 1848 284 1880 0000
296 1856 346 1881 1110
359 1845 383 1881 ad
395 1844 572 1889 Communioncm,
583 1856 643 1893 quam
654 1844 777 1893 frequenter
789 1845 898 1882 accedere.

88 1924 118 1930 —-
128 1903 182 1948 Hoc,
195 1904 248 1953 quod
260 1904 376 1942 adversarii
388 1917 425 1954 pro
437 1905 558 1942 firmissimo
570 1917 621 1942 suae
634 1904 757 1953 objectionis
765 1905 898 1943 fundamento

89 1964 226 2009 constituunt,
238 1977 276 2001 nos
288 1971 311 2002 01
322 1965 398 2002 falsum
410 1965 491 2002 omnino
507 1965 615 2013 rejicimus
631 1978 785 2016 negamusque‚
801 1978 848 2012 eos,
864 1967 899 2016 qui

87 2023 379 2072 frequentercornmunicant,
391 2026 469 2075 frigide
482 2032 502 2062 et
513 2026 610 2063 indevote
618 2026 780 2064 communicare.
792 2028 823 2064 Ac
831 2027 898 2076 primo

88 2083 183 2127 dicimus,
195 2096 232 2121 nos
244 2097 284 2122 non
296 2086 399 2134 probare,
417 2086 458 2123 imo
471 2086 559 2123 maxime
571 2086 692 2134 vituperare
705 2087 848 2124 mercenarios
858 2096 898 2124 *sa-

89 2144 193 2188 cerdotes,
211 2145 244 2193 qui
262 2146 319 2182 nulla
331 2146 384 2183 tanti
396 2146 530 2184 Sacramenti
542 2146 651 2183 devotione
669 2159 694 2185 ac
705 2148 826 2184 reverentia
843 2148 897 2185 cele·

87 2205 150 2242 brant
161 2205 181 2241 in
194 2205 284 2243 dedecus
296 2207 435 2244 sacerdotalis
451 2207 566 2257 dignitatis.
584 2207 669 2244 Pariter
682 2207 815 2245 adversarios
833 2207 898 2245 moni·

88 2270 121 2302 tos
134 2277 181 2302 esse
193 2266 295 2310 volumus,
308 2267 390 2303 anobis
402 2267 503 2314 ejusmodi
515 2267 608 2303 homines
620 2268 675 2304 nullo
687 2274 748 2316 pacto
759 2269 852 2316 probari,
865 2268 899 2319 qui

88 2337 114 2363 ex
126 2327 277 2364 consuetudine
289 2327 371 2377 magis,
391 2339 451 2376 quam
463 2340 489 2364 ex
501 2327 610 2364 devotione
628 2327 652 2364 ad
664 2327 703 2366 hoe
716 2328 757 2366 SS.
772 2329 899 2378 Mysterium

88 2387 197 2432 accedunt,
217 2393 238 2424 et
249 2394 361 2437 propterea
372 2388 449 2438 frigide
462 2394 483 2425 et
493 2388 590 2425 indevote
609 2389 717 2426 accedunt.
735 2389 817 2427 Verum
836 2390 898 2428 vehe-

88 2454 169 2485 menter
181 2447 254 2486 horum
267 2448 371 2487 hominum
384 2450 483 2487 miramur
498 2449 609 2499 pietatem,
629 2449 663 2498 qui
680 2456 767 2500 propter
785 2451 898 2489 communi·

88 2508 180 2546 cantium
191 2510 262 2547 vitium
275 2516 332 2548 tanto
345 2511 413 2548 studio
431 2511 528 2549 damnant
542 2523 588 2548 1010
599 2510 654 2548 00101
670 2511 731 2549 laude
746 2511 898 2563 dignissimam,

88 2574 109 2605 ct
121 2570 168 2619 quia
180 2572 243 2621 aliqui
253 2572 335 2624 indigni
347 2573 449 2611 accedunt
464 2573 489 2611 ad
503 2572 542 2611 hoc
561 2579 721 2611 sacrosanctum
739 2580 760 2611 et
776 2575 898 2613 venerabile

88 2629 255 2680 Sacramentum,
267 2634 313 2672 ideo
325 2635 456 2686 frequentem
467 2635 524 2673 illius
536 2647 596 2673 usum
608 2635 653 2673 sine
666 2636 898 2688 discriminepericulo·

88 2705 133 2730 sum
145 2693 257 2734 affirmant.
269 2697 341 2735 Nonne
354 2698 425 2736 eodem
441 2704 565 2749 argumento
582 2697 619 2735 1011
634 2698 775 2748 quotidianum
789 2712 850 2738 usum
864 2712 897 2738 re·

87 2767 133 2792 rum
145 2766 205 2804 quam
216 2759 352 2806 plurimorum
364 2760 505 2809 periculosum
518 2760 588 2798 dicere
601 2760 708 2806 deberent,
724 2762 771 2811 quia
782 2762 842 2800 multi
856 2761 896 2799 illis

88 2816 214 2854 abutuntur?
225 2819 309 2857 Abusus
321 2833 361 2858 000
373 2821 427 2858 101111
438 2834 505 2858 usum.
518 2821 598 2858 Vitium
610 2834 737 2871 paucorum,
754 2822 806 2873 quod
818 2835 858 2860 000
871 2833 897 2858 ex

87 2877 174 2927 reipsa,
187 2877 223 2915 sed
236 2891 261 2915 ex
272 2892 337 2928 prava
348 2883 441 2932 ipsorum
452 2883 559 2920 voluntate
572 2883 647 2928 oritur,
663 2895 703 2921 non
716 2884 777 2921 debet
794 2884 814 2920 in
832 2894 896 2933 argu-

87 2944 178 2978 mentum
190 2938 214 2976 ad
225 2938 382 2989 improbandam
395 2950 481 2982 sanctae
493 2943 640 2982 Eucharistiae
656 2944 844 2994 frequentationem
862 2944 896 2983 ad·

704 3001 749 3045 16³
