2056 3193
134 93 178 139 118

210 215 252 250 Gor
264 213 357 249 mundum
371 223 420 246 crea
431 212 451 245 in
464 223 497 246 me
509 213 577 253 Deus,
596 219 616 247 et
629 211 731 256 Spiritum
742 220 823 248 rectum
835 213 910 247 innova
920 213 941 245 in

135 270 252 312 visceribus
264 268 321 309 meis.

209 338 238 374 Ne
251 334 348 384 projicias
361 347 393 371 me
413 336 493 374 aiacie
509 343 553 380 roa,
572 344 592 373 et
607 335 707 382 Spiritum
727 343 821 373 sanctum
842 344 898 374 tuum
916 348 942 372 ne

135 397 218 431 auferas
231 407 242 427 a
253 405 292 427 nie.

208 451 278 494 Redde
290 450 340 494 mihi
352 451 451 495 laetitiam
465 452 563 495 salutaris
577 452 605 495 tui
610 475 615 502 ,²
632 460 653 495 et
672 452 750 506 Spiritu
770 454 879 507 principali
895 471 942 497 con·

135 522 194 557 firma
206 531 246 555 me.

206 576 293 610 Docebo
305 575 387 622 iniquos
398 575 443 610 vias
457 580 515 616 tuas,
534 580 554 610 ct
565 574 621 624 impii
634 573 658 610 ad
672 574 702 610 Te
715 579 871 612 convertentur.

207 636 285 678 Libera
296 650 328 677 me
341 635 365 676 de
377 636 514 690 sanguinibus
526 638 595 683 Deus,
612 640 670 678 Deus
683 639 757 677 salutis
769 652 837 683 meae,
855 647 876 678 et
887 643 943 680 extil-

134 702 186 737 tabit
199 701 272 748 lingua
284 710 329 735 mea
337 699 441 744 justitiam
455 706 510 734 tuam
520 698 544 742 ¹).

208 754 228 794 2.
242 756 279 792 Sic
296 761 434 807 praeparatus
447 753 534 796 accedat
545 754 568 795 ad
581 766 665 798 sacrum
678 754 767 797 tribunal
778 762 858 811 promto
877 757 944 801 animo

136 831 214 862 etcum
227 821 313 872 gaudio,
332 820 383 870 quod
402 823 460 859 Dens
475 821 520 870 ipso
533 822 631 872 dignetur
643 822 672 859 uti
684 822 778 870 adjutore
797 823 821 859 ad
840 836 891 871 opus
903 830 944 860 tam

135 883 277 928 praecellens3
290 892 335 915 cum
349 882 424 915 affeetu
438 881 578 914 miserationis
590 882 657 925 pleno,
670 892 748 915 memor
760 881 823 921 illius,
837 881 889 928 quod
898 881 944 915 Sal-

135 945 195 983 vator
209 937 297 994 optimus
310 935 371 979 dixit:
386 936 504 981 „Misereor
516 950 579 993 snper
592 938 688 990 turbas’'3
707 939 753 982 cum
768 953 818 983 vero
830 940 945 983 crimmum

136 1009 195 1050 zeto,
215 1018 253 1054 quo
269 1004 370 1042 ardebant
388 1006 454 1042 sancti
474 1005 609 1048 confessarii,
631 1007 757 1043 Franciscus
776 1007 836 1049 Xav.‚
856 1006 945 1042 Carolus

135 1068 206 1104 Bor-r„
218 1063 346 1098 Franciscus
359 1063 461 1104 Salesius,
474 1063 581 1110 Philippus
593 1064 670 1098 Nerius
683 1069 703 1099 ct
716 1063 757 1098 alii.
765 1063 858 1100 Accedat
870 1062 944 1100 demis·

137 1125 167 1168 sis
179 1123 272 1166 modeste
285 1120 361 1171 oculis,
375 1130 435 1176 caput
447 1121 514 1165 bireto
523 1132 625 1176 opertum,
638 1139 683 1166 com
696 1133 754 1165 veste
767 1127 828 1166 talari
841 1134 862 1166 et
873 1141 945 1177 super-

136 1190 224 1239 pelliceo
238 1188 269 1224 vel
281 1186 387 1229 rochetto,
406 1189 438 1224 oui
457 1188 583 1224 conveniens
596 1194 654 1223 essct
665 1188 806 1233 superimponi
825 1191 899 1224 stolam
912 1201 945 1224 co-

137 1248 189 1283 loris
201 1245 297 1280 violacei.

212 1303 232 1349 3.
249 1307 344 1355 Memor,
362 1321 385 1347 se
405 1322 416 1348 a
433 1309 551 1359 poenitente
567 1311 632 1359 patris
651 1311 732 1348 nomine
751 1310 885 1360 compellari,
903 1311 947 1359 ejus

140 1372 292 1410 confessionem
311 1382 382 1406 amore
401 1372 517 1416 affectuque
535 1377 620 1415 paterno
643 1370 739 1415 excipiat.
757 1371 878 1417 „Intelligm
896 1382 947 1416 quae

140 1435 188 1467 sont
199 1427 287 1479 proximi
301 1427 340 1473 tui,
357 1426 377 1463 in
390 1432 410 1464 te
429 1425 518 1480 ipso⁷'²].
531 1427 654 1468 Modestiam
668 1426 797 1484 singularem
808 1426 828 1469 in
841 1433 883 1469 tota
901 1440 946 1471 cor·

140 1495 196 1546 poris
210 1493 359 1543 compositione
372 1499 449 1531 servet.
462 1494 568 1543 b'unquam
581 1494 686 1532 intueatur
697 1495 717 1531 in
730 1495 948 1542 vottumpoenitentis,

141 1567 199 1601 quem
216 1553 283 1593 audit,
300 1554 429 1597 potissimum
449 1554 466 1586 si
479 1554 502 1586 de
515 1564 567 1586 sexu
586 1553 652 1586 altero
665 1554 705 1593 sit,
718 1558 787 1586 utatur
800 1552 895 1596 auribus,
908 1562 948 1586 non

142 1611 214 1657 oculis.
227 1610 298 1665 reque
311 1609 468 1666 circumspiciat
480 1610 519 1654 bno
532 1610 582 1654 illuc
593 1610 613 1654 in
626 1611 713 1654 aliorum
725 1610 851 1655 adstantium
862 1615 948 1655 vultum.

142 1679 227 1717 Catrtela
240 1677 292 1713 haec
305 1683 336 1713 est
349 1678 482 1719 necessaria,
500 1690 524 1713 ne
537 1683 572 1713 aut
584 1678 696 1724 poenitenti
707 1678 849 1714 incommodus
861 1677 949 1719 aecidat,

142 1743 176 1772 aut
187 1734 305 1776 tentationi,
324 1740 357 1769 aut
370 1735 523 1781 suspicionibus
536 1734 628 1771 sinistris
641 1740 707 1771 scillei
719 1733 808 1783 objiciat.
823 1734 905 1771 „Debet
916 1744 948 1770 sa-

143 1797 227 1845 cerdoS,
246 1794 274 1836 ait
287 1794 309 1836 S.
322 1796 449 1837 l'ranciscns
463 1796 571 1844 Salesins,
590 1811 679 1845 carvere,
697 1813 722 1837 ne
739 1800 816 1837 vultum
829 1799 868 1837 sihi
887 1799 949 1837 eonfi-

142 1862 218 1903 tentis,
236 1860 323 1896 maxime
336 1860 440 1902 mulieris,
453 1860 562 1906 respiciat!
581 1873 606 1895 ne
619 1861 720 1895 confitens
733 1860 881 1900 confundatur,
894 1865 950 1894 atne

143 1920 186 1969 ipse
200 1917 337 1955 delectatione
350 1917 422 1953 illicita
435 1917 548 1969 capiatur.’“

217 1977 238 2020 4.
251 1982 344 2020 Durante
354 1982 486 2021 confessione
494 1990 634 2032 praesentem,
642 1990 737 2033 quantum
746 1983 792 2020 lieri
800 1989 875 2031 potest,
883 1984 950 2020 Deum

143 2044 207 2081 menti
219 2055 269 2078 suae
281 2042 369 2084 habeat,
388 2055 464 2089 corque
477 2054 535 2078 suum
549 2043 572 2077 ad
591 2043 646 2077 illum
660 2043 749 2082 attollat,
768 2054 806 2086 quo
819 2043 872 2076 dono
883 2041 950 2086 Spiri-

144 2108 177 2142 tus
190 2100 257 2140 sanoti
269 2099 289 2139 in
302 2111 324 2138 se
338 2104 358 2138 et
368 2099 507 2154 poenitentem
521 2099 614 2142 adducat.

218 2162 238 2205 5.
251 2165 413 2204 Accusationem
432 2167 557 2214 poenitentis
573 2179 597 2204 ex
610 2168 684 2216 regula
696 2178 735 2203 non
748 2167 898 2214 interrumpat!
915 2165 951 2202 sed

145 2229 199 2262 sinat
217 2221 356 2271 poenitentem
379 2225 460 2265 dicere,
485 2237 535 2272 quae
554 2226 573 2258 in
594 2225 735 2259 conscientiae
754 2225 847 2260 examine
866 2223 953 2259 dicenda

147 2283 288 2340 praeparavit,
307 2284 347 2325 etsi
371 2297 409 2326 nec
428 2298 535 2326 numerum
554 2292 698 2338 peecatorum,
723 2300 760 2327 neo
783 2285 953 2327 circumstantias

147 2356 301 2400 aggravantes,
319 2361 385 2396 neque
407 2350 467 2385 etiam
484 2362 520 2392 ea,
539 2362 590 2397 quae
609 2361 633 2385 ex
648 2356 735 2396 peccato
754 2356 882 2395 consequuta
893 2354 952 2389 sunt,

149 2412 309 2449 commemorem
324 2412 389 2442 inatus
403 2407 455 2443 enim
469 2413 507 2452 est,
524 2418 548 2443 ne
562 2406 717 2458 quaestionibus
731 2405 848 2458 interjectis
859 2405 894 2444 ille
906 2416 952 2457 per-

148 2471 256 2517 turbetur,
274 2477 293 2509 et
314 2477 431 2508 ceterorum
448 2471 574 2522 reliquorum
594 2471 737 2510 obliviscatur.
755 2473 811 2509 Male
823 2471 871 2509 hinc
889 2476 954 2520 agunt

149 2532 283 2574 confessarii,
297 2532 483 2578 qniintempestive
493 2533 632 2578 poenitentem
646 2538 735 2579 urgent,
749 2539 768 2567 ut
781 2543 840 2577 quam
853 2530 953 2566 citissime

150 2589 254 2642 negotium
274 2600 332 2625 suum
345 2589 445 2626 ahsotvat.
459 2589 529 2643 Neque
542 2601 607 2644 aegre
620 2589 687 2637 feret,
703 2588 721 2629 si
733 2589 757 2630 od
770 2602 830 2630 annm
841 2588 955 2630 alterumve

150 2653 287 2706 poenitentem
294 2655 442 2701 expediendum
450 2662 530 2704 tempus
540 2655 858 2704 consuetoloogiusrequiratur.
866 2653 956 2698 Hincea,

149 2727 202 2763 qnae
220 2713 341 2759 inquirenda
353 2715 384 2749 vel
398 2715 498 2749 monenda
510 2715 618 2755 videntur,
637 2714 733 2749 adfinem
751 2713 880 2748 reservanda
898 2719 955 2755 sunt,

150 2773 189 2815 nisi
202 2771 255 2812 aliae
268 2770 359 2812 rationes
373 2772 426 2814 alind
439 2773 550 2823 suadeant;
570 2772 665 2822 scilieet,
683 2773 699 2814 si
713 2774 788 2829 longae
807 2778 825 2813 et
845 2772 956 2826 generales

176 2913 190 2948 ¹}
199 2908 273 2940 Psalrn.
282 2907 304 2937 L.
314 2922 337 2927 —
347 2908 363 2944 ²)
373 2906 432 2937 Eccli.
443 2909 512 2939 xxxi.
524 2910 552 2939 ta.
