2056 3193
148 97 192 141 136

149 213 269 257 concubuit,
282 222 319 248 nec
332 214 401 258 potest
420 207 481 246 alium
494 207 552 246 adire
565 207 728 254 confessarium,
744 210 777 249 cui
794 220 884 260 persona
900 220 954 246 com-

148 274 209 325 plicis
228 273 255 310 sit
266 273 337 322 ignota
348 292 378 296 —
390 263 429 306 non
447 276 522 320 peccat
540 268 698 314 confessarius,
715 271 817 309 indirecte
834 268 955 321 inquirendo

148 338 169 374 in
181 345 290 385 personam
304 331 419 380 complicis,
437 331 477 369 ime
490 332 546 370 adid
558 337 647 374 tenetur,
660 331 712 380 quod
724 338 773 370 tunc
785 333 819 376 fit,
835 331 914 382 quaudo
926 331 955 369 di·

150 402 207 434 recte
226 391 312 442 inquirit
331 392 352 429 iu
372 393 493 443 qualitatem
509 391 626 443 complicis,
646 403 671 428 ex
688 403 728 442 qua
742 405 833 443 persona
849 391 956 444 complicis

149 456 250 495 indirecte
262 454 384 493 innotescit.
396 455 459 493 Ratio
472 463 514 500 est,
532 455 579 504 quia
592 459 674 491 tenetur
694 454 838 493 confessarius
850 456 956 505 inquirere

147 519 167 555 in
180 527 239 554 omne
251 515 309 562 illud,
322 517 374 567 quod
386 516 494 567 poenitens
506 522 589 554 tenetur
600 515 620 552 in
633 514 765 553 confessione
774 517 863 566 aperire,
876 523 897 555 ct
909 530 956 556 con-

148 578 252 616 fessarius
271 591 348 617 curare
367 579 436 623 debet,
460 585 482 616 ut
504 577 656 616 confessIonem
678 577 787 627 poenitens
808 578 905 617 instituat
926 580 956 617 iu·

146 647 237 692 tagram.
714 643 717 647 '

226 704 248 748 c]
262 701 381 752 Ex‘regula
393 713 431 738 non
445 700 494 738 licet
506 700 637 738 confessario
650 700 670 737 in
683 713 793 751 personam
808 701 916 750 complicis
927 702 957 739 in·

149 764 242 815 quirere,
255 762 366 813 obligando
379 763 412 799 vel
424 762 528 800 invitando
541 762 688 811 poenitentem,
701 769 723 800 ut
735 763 816 799 revelet
828 762 867 799 sibi
885 775 958 810 perso·

150 837 196 863 nam
209 823 316 873 complicis
335 829 396 860 extra
413 823 567 861 confessionem
583 824 603 861 iu
622 823 695 861 ordine
711 823 735 861 ad
753 823 908 872 correptionem
926 825 959 861 vel

149 885 326 924 denuntiationem
339 884 446 934 complicis
458 898 495 934 per
508 885 661 923 confessarium
673 884 740 935 ipsum
752 885 877 923 faciendam:
890 890 959 933 potest

150 946 255 986 euimhoc
267 946 315 983 fieri
329 959 367 995 per
385 947 524 995 poenitentem
542 947 575 983 vel
595 959 705 995 personam
725 947 815 984 tertiam.
835 946 904 984 „Nulli
923 946 958 983 du-

149 1009 213 1053 bium,
227 1008 249 1046 S.
261 1007 363 1058 Ligerius
376 1007 450 1045 scribit
461 1005 487 1055 ¹),
500 1008 553 1057 quod
566 1007 675 1057 aliquando
688 1014 771 1045 tenetur
782 1007 891 1057 poenitens
904 1019 959 1046 eoni-

150 1070 224 1121 plicem
243 1068 379 1106 manifestare
398 1068 422 1105 ad
441 1068 521 1119 aliquod
541 1080 606 1119 grave
625 1068 719 1106 damnum
738 1069 900 1118 impediendum5
923 1068 960 1106 sed

150 1137 246 1181 spectata
257 1136 298 1167 tam
311 1129 410 1180 rigoroso
421 1130 530 1169 Pontificis
549 1129 671 1178 (Benedicti
685 1130 754 1177 mvl]
773 1129 920 1180 prohibitione,
935 1129 960 1167 ed

151 1193 211 1230 finem
223 1190 302 1229 vitandi
314 1190 403 1241 proximi
415 1191 529 1236 infamiam,
542 1190 677 1229 Sacramenti
688 1190 795 1239 iujuriam,
813 1192 878 1242 sigilli
895 1191 959 1229 viola-

151 1254 236 1298 tionem,
248 1252 370 1290 scandalum
388 1258 428 1290 etc¹
446 1259 507 1302 prout
519 1252 643 1302 exprimitur
654 1253 675 1289 iu
690 1253 761 1297 Bulla,
776 1265 816 1290 nou
833 1259 865 1290 est
880 1253 960 1291 licitum

152 1313 283 1354 confessario
299 1326 372 1351 nomeu
389 1313 497 1363 complicis
514 1314 626 1363 exquirere
641 1314 665 1351 ad
687 1314 748 1351 finem
765 1314 872 1352 faciendae
890 1326 960 1352 corre-

153 1375 235 1415 ctionis.
248 1375 306 1413 Unde
318 1387 368 1413 casu
381 1388 420 1425 quo
432 1375 541 1424 poenitens
553 1388 603 1413 vere
622 1381 729 1419 teneatur,
749 1375 870 1425 complicem
881 1376 960 1425 patefa-

153 1450 214 1482 cere,
227 1442 306 1474 tantum
319 1437 396 1485 poterit
409 1436 553 1475 confessarius
561 1436 675 1486 poenitenti
686 1437 793 1487 imponere
807 1437 827 1474 in
840 1449 927 1488 genere,
939 1443 962 1474 ut

153 1498 274 1549 complicem
287 1499 368 1535 revelet
380 1497 449 1543 alicui,
467 1498 500 1548 qui
513 1498 633 1536 scandalum
647 1498 713 1547 possit
730 1498 843 1547 impedire,
862 1498 899 1536 sed
910 1511 961 1536 nun-

153 1573 214 1610 quam
226 1559 299 1597 licebit
311 1558 441 1597 confessario
462 1559 542 1597 dicere:
558 1560 630 1596 revela
642 1558 697 1596 mihi.
718 1559 742 1596 Si
753 1571 803 1596 vero
815 1560 924 1608 poenitens
936 1571 962 1596 ex

153 1634 176 1658 se
192 1628 213 1659 et
230 1627 303 1669 sponte
319 1632 357 1657 sua
372 1627 460 1671 rogaret
477 1620 640 1665 confessarium,
656 1626 679 1658 ut
693 1621 815 1670 complicem
834 1621 962 1672 corrigeret,

154 1690 203 1721 tunc
215 1681 346 1720 confessario
359 1683 423 1719 multa
431 1682 545 1731 prudentia
556 1694 607 1731 opus
620 1688 664 1719 est:
676 1695 722 1719 nam
735 1682 887 1720 ordinarieuon
901 1694 962 1732 expe-

154 1744 190 1787 dit,
202 1750 225 1781 ut
236 1755 259 1780 se
270 1742 369 1780 immittat
379 1743 399 1780 in
411 1743 529 1791 hujusmodi
540 1755 595 1789 rem:
607 1743 647 1792 ipsi
659 1743 711 1781 enim
725 1749 803 1781 tantum
815 1743 916 1782 incumbit
928 1756 962 1782 cu·

154 1818 203 1842 rare
215 1805 310 1842 damnum
323 1804 356 1841 sui
368 1805 501 1854 poenitentis,
514 1816 553 1841 uon
566 1804 662 1848 alienum,
675 1811 695 1841 et
707 1805 834 1842 solummodo
847 1805 903 1842 iutra
915 1816 962 1842 con-

153 1867 276 1909 fessionem,
289 1877 327 1902 uon
341 1872 411 1909 extra,
425 1872 445 1902 et
457 1879 482 1903 cx
495 1865 536 1903 alia
548 1871 607 1914 parte
621 1865 766 1903 confessarius
778 1865 891 1903 difficulter
904 1877 963 1903 assu-

153 1933 196 1965 met
206 1927 246 1964 boe
259 1938 333 1964 ruunus
345 1927 467 1978 corrigendi
478 1927 523 1964 sine
535 1927 629 1975 periculo
642 1926 763 1965 scandaliet
773 1926 895 1963 offensionis
907 1926 964 1964 sacri

153 1987 284 2037 ministerii.''

228 2049 251 2095 d]
264 2049 286 2085 ln
299 2060 350 2086 casu
363 2054 443 2093 tamen,
456 2061 494 2098 quo
507 2049 615 2098 poenitens
628 2055 711 2087 tenetur
723 2049 838 2098 procedere
850 2049 874 2086 ad
887 2049 964 2086 denun-

154 2110 262 2148 tiationem
275 2108 390 2158 complicis,
405 2116 425 2147 et
436 2122 535 2159 persona,
548 2110 582 2148 cui
593 2110 655 2147 debet
667 2109 714 2147 fieri
725 2109 863 2155 denuntiatio,
877 2117 909 2148 est
919 2110 964 2159 ipse

155 2170 311 2220 confessarius,
330 2176 400 2219 potest
418 2177 439 2208 ot
457 2177 541 2209 tenetur
557 2171 665 2221 inquirere
681 2171 703 2208 iu
720 2183 832 2221 personam
850 2170 964 2221 complicis,

156 2232 266 2283 obligando
279 2231 428 2280 poenitentem,
445 2239 467 2269 ut
479 2232 519 2269 sibi
531 2239 592 2269 extra
604 2232 757 2270 confessionem
771 2232 893 2281 complicem
904 2244 964 2269 reve-

155 2294 190 2330 let.
208 2294 232 2330 Ε.
246 2305 267 2343 g.
287 2291 310 2329 Si
329 2291 473 2330 confessarius
491 2299 524 2330 est
538 2293 582 2342 ipse
600 2293 718 2343 Episcopus
734 2293 821 2330 alterius
839 2293 965 2331 confessarii

157 2353 263 2403 complicis
275 2353 412 2402 poenitentis,
425 2367 436 2390 a
448 2365 487 2403 quo
499 2366 590 2403 persona
603 2354 711 2403 poenitens
729 2354 805 2392 fuisset
817 2355 922 2392 solicitata
940 2354 965 2391 ad

157 2414 224 2462 turpia
236 2414 255 2451 in
269 2414 402 2451 confessione
415 2416 448 2452 vel
461 2415 519 2453 circa
530 2415 593 2452 illam.

239 2532 316 2585 llodos
331 2532 494 2603 interrogandi.
509 2565 543 2570 -
561 2533 705 2586 Conditloues
720 2534 885 2602 quaestionum.

232 2653 250 2706 ξ.
263 2652 298 2694 96.
311 2656 411 2704 Quoniam
424 2659 534 2707 plurimum
546 2660 644 2702 interest,
656 2664 678 2695 ut
691 2652 899 2708 quaestionesdebito
907 2661 966 2698 modo

155 2717 301 2759 instituantur,
314 2730 338 2754 ne
350 2719 383 2756 vel
393 2720 442 2769 fini,
456 2731 516 2768 quem
527 2732 565 2769 per
577 2720 710 2771 interrogata
723 2720 808 2769 assequi
819 2720 921 2765 volumus,
932 2723 967 2760 vel

157 2779 304 2825 reverebant,
318 2790 368 2826 quae
382 2781 527 2825 Sacramento,
540 2781 573 2817 vel
585 2781 716 2831 nlottesttoe,
734 2792 787 2831 quac
807 2781 921 2828 poenitenti
932 2783 966 2820 de-

182 2913 197 2958 ί)
208 2910 228 2943 S.
237 2910 316 2953 Lignor.
326 2909 377 2943 Mor.
386 2910 419 2944 lib.
427 2914 444 2944 6.
454 2921 483 2945 ur,
493 2913 536 2947 492,
