2056 3193
134 84 181 124 284

134 199 210 246 cundo,
230 198 279 239 nihil
291 199 413 247 molestius,
432 199 592 245 nihil‘loedius,
613 204 783 251 quemadmodum
796 203 847 242 nihil
857 204 945 242 suavius

134 276 169 306 eo,
189 263 222 311 qui
234 263 303 299 nescit
314 263 394 300 irasoi“
403 261 428 308 ἲ).
453 262 501 298 Jam
518 263 620 298 adversus
633 263 705 299 vitium
721 265 766 301 irae
777 266 867 312 primum.
877 275 944 300 reme·
972 280 976 284 ·

133 322 187 355 diurn
199 321 235 361 sit,
248 326 270 354 ut
281 320 342 354 homo
354 321 384 354 illi
397 320 504 363 obnoxius,
518 330 563 355 cum
575 320 644 355 iratus
656 319 731 363 fuerit,
744 322 768 358 oh
782 321 864 371 aliquod
875 320 945 370 inique

134 378 210 420 taomm
224 378 344 434 dictumque
357 378 407 430 sibi,
422 379 522 434 paulatim
535 393 558 422 se
571 379 686 431 contineat,
698 382 837 438 propriosque
850 384 944 427 delectus

134 453 154 485 et
172 447 275 484 aduersus
292 448 359 485 Deum
380 448 493 485 commissa
512 459 582 484 secum
602 448 813 496 ponderet3'quibns
831 456 944 499 agnoscat,

132 508 197 543 multa
209 508 282 554 pejora
294 519 317 542 se
328 507 478 552 promeritum,
496 517 555 551 quam
568 517 619 551 quae
632 507 691 541 modo
703 506 789 552 patitur,
803 512 824 541 et
836 508 943 552 quodfer-

132 570 190 600 tasse
202 564 261 600 Dens
274 563 326 601 haec
338 563 379 600 sihi
391 563 488 602 accidere
499 562 631 613 permiserit,
650 568 672 600 ut
684 562 708 601 ad
722 563 871 617 conscientiam
885 576 942 606 suem

132 625 206 668 redeat
223 640 342 679 poenasque
362 627 409 675 det,
428 642 452 668 ae
471 628 569 679 deinceps
589 642 600 667 a
619 628 755 680 delinquendo
775 630 815 670 sihi
832 637 941 681 temperet.

133 690 265 740 Quapropter
277 691 312 739 qui
323 692 418 739 injuriam
430 703 506 738 passus
518 697 561 733 est,
579 692 613 727 vel
630 703 758 738 quocumque
773 693 827 728 malo
840 693 879 728 alio
892 692 941 727 affe-

132 757 189 791 ctus,
209 756 287 784 attente
307 750 436 790 consideret,
455 748 504 783 nihil
524 759 583 794 qnam
602 759 699 795 parvum,
719 759 778 795 quam
794 759 903 797 magnum,
921 753 941 784 et

132 819 254 860 quoeunque
266 807 325 847 niodo
337 806 449 857 inflictum,
468 818 508 848 non
520 806 631 860 suhjmere
644 807 702 862 justo
711 807 789 862 judicio
801 806 852 859 Dei,
872 808 906 851 cui
917 809 941 852 ad

132 874 277 913 vindicandum
296 875 357 912 etiam
376 874 480 924 quaelibet
499 881 598 912 ereatura
615 880 685 924 potest
703 887 751 913 esse
773 876 941 913 instrumentum.

131 936 223 972 Proinde
236 937 306 972 oculos
319 935 394 971 menos
407 947 446 970 non
459 941 500 970 tam
513 935 592 982 defigat
604 935 628 970 ad
640 934 751 976 hominem,
763 936 838 969 malum
849 934 941 969 inferen-

112 1013 114 1015 -
132 999 184 1034 rein,
203 1003 261 1039 qoam
274 993 294 1026 in
306 992 374 1026 Deum
386 992 453 1038 ipsum
469 991 610 1038 Justissimum
622 991 737 1037 vindicem,
752 991 814 1041 juxta
827 996 848 1028 et
858 990 941 1028 miseri-

133 1051 278 1094 cordissimum
290 1051 389 1102 Patrem,
408 1052 442 1107 qui
454 1053 485 1094 rel
505 1053 535 1095 sic
548 1054 602 1096 solet
614 1053 723 1110 affligere,
742 1069 805 1096 urere
824 1070 848 1096 ae
866 1069 941 1096 serare

133 1131 182 1156 snos
193 1118 213 1157 ln
225 1118 265 1157 hoe
277 1119 360 1163 secuto,
373 1126 395 1156 ut
407 1119 437 1157 eis
449 1125 524 1167 parcat
535 1119 555 1155 in
568 1119 646 1156 futuro.
693 1146 695 1149 -

206 1176 231 1221 2]
250 1179 344 1213 Alterum
363 1178 477 1213 remedium
496 1178 533 1218 sit,
551 1183 574 1212 ut
592 1178 616 1213 ad
634 1177 687 1212 iram
706 1178 806 1222 proclivis
818 1177 941 1222 frequenter

133 1235 199 1272 animo
211 1234 281 1271 uoluat
292 1235 425 1285 praeclarum
438 1234 603 1275 mansuetissimi
614 1234 697 1276 Domini
715 1235 784 1277 nostri
794 1235 848 1277 Josu
861 1233 942 1276 Christi

134 1299 248 1350 exeruplar,
261 1299 305 1351 qui,
318 1314 364 1340 euin
377 1315 389 1340 a
400 1301 529 1352 principibus
542 1299 709 1341 sacerdotum'et.
720 1302 842 1341 Pharisaeis
854 1301 940 1350 impete-

131 1369 190 1400 retur
201 1362 406 1417 fflfifflufflffliss
426 1369 446 1400 et
464 1363 541 1410 passim
561 1364 613 1410 apud
631 1363 678 1399 illos
698 1363 780 1399 audiret
791 1362 851 1398 homo
864 1374 940 1404 vorax,

130 1427 213 1465 potator
231 1421 284 1461 vini,
303 1414 403 1455 seductor
420 1421 500 1467 populi,
517 1421 537 1454 in
549 1420 668 1456 Beelzebub
680 1419 773 1468 principe
785 1418 941 1455 daemoniorum

131 1477 239 1520 daemonia
252 1478 349 1532 ejiciens,
364 1492 403 1523 nee
415 1493 455 1522 non
466 1479 632 1524 horrendissima
649 1488 669 1523 et
686 1481 887 1536 ignominiosissima
902 1495 940 1534 per

131 1558 167 1583 eos
179 1553 247 1583 morte
260 1546 389 1592 afficeretur,
409 1559 511 1595 nunquam
527 1553 595 1585 tamen
613 1559 638 1584 ne
654 1547 738 1584 minima
750 1547 830 1595 quidem
842 1545 941 1594 passione

130 1606 175 1642 irae
188 1612 298 1653 correptus
310 1607 359 1648 fuit,
378 1607 454 1641 nullam
467 1606 548 1641 omnino
560 1606 673 1642 vindictam
686 1606 782 1651 appetiit,
801 1605 837 1640 sed
848 1604 939 1639 incredi-

130 1663 192 1700 bilem
203 1663 383 1701 mansuetudinem
396 1674 479 1715 semper
491 1668 512 1701 et
522 1663 598 1717 ubique
610 1663 705 1704 servavit
717 1662 860 1717 exhibuitque:
879 1674 939 1715 „eum

132 1739 185 1767 emm
197 1727 368 1776 malediceretur
380 1742 419 1768 non
432 1729 581 1769 maledicebat
601 1743 646 1770 euni
664 1737 781 1781 pateretur,
799 1742 839 1768 non
857 1729 940 1768 commi-

131 1790 227 1834 nabatur,
246 1791 343 1828 tradebat
355 1799 423 1828 autem
431 1791 536 1838 judicanti
547 1804 570 1828 se
581 1790 707 1838 injustc“²).
726 1791 859 1828 Christianus
874 1789 940 1838 igitur

130 1850 239 1894 poenitens
252 1861 291 1884 non
303 1850 379 1892 irasci,
398 1861 437 1884 non
451 1855 550 1896 expetere
562 1849 685 1893 vindictam,
704 1849 741 1884 sect
760 1833 876 1885 nrahuetum
892 1857 940 1883 esse

132 1906 332 1957 adonrnes‚discat
324 1909 422 1959 tabido,
442 1908 549 1964 quidixit:
531 1908 748 1962 t,‚Disciteame,
767 1908 939 1964 quiamitissum

131 1980 152 2011 et
162 1973 246 2011 humilis
259 1975 336 2012 eorde“
344 1972 371 2021 ³),
384 1982 404 2013 et
417 1988 463 2013 enm
475 1976 495 2012 in
507 1975 569 2012 finem
581 1975 665 2024 saepius
678 1974 767 2023 aspiciat
779 1974 913 2012 crucifixum.
927 1979 929 1982 '

204 2030 224 2070 3.
237 2034 325 2070 Juvabit
343 2036 404 2070 etiam
417 2046 456 2070 non
472 2046 555 2081 parum,
574 2034 599 2076 si,
612 2035 659 2070 dum
670 2034 741 2081 passio
753 2035 798 2069 irae
810 2044 850 2068 non
861 2033 939 2078 pulsat,

130 2092 210 2128 animus
223 2091 326 2129 adversus
337 2092 393 2129 illam
405 2092 425 2129 in
438 2097 571 2130 antecessum
590 2091 748 2141 corroboretur,
766 2091 889 2147 frequenter
904 2102 939 2130 ru·

129 2153 225 2195 minando
237 2155 316 2196 rerba:
336 2151 372 2206 „ln
385 2156 543 2197 mansuetudine
555 2158 634 2208 perfice
647 2171 710 2209 opera
722 2164 767 2204 tua,
787 2165 807 2196 et
819 2169 882 2208 super
894 2157 939 2208 glo·

129 2219 181 2256 riam
198 2218 303 2256 hominum
319 2217 462 2269 diligeris“⁴].
479 2220 570 2257 Docebit
586 2219 648 2256 mites
665 2220 711 2256 vias
731 2216 831 2264 suas“⁵]‚
850 2217 940 2265 „Melior

129 2283 162 2313 est
179 2278 261 2324 patiens
279 2279 326 2313 viro
344 2278 405 2321 forti:
423 2284 443 2313 et
461 2279 495 2325 qui
514 2278 631 2313 dominatur
644 2278 711 2313 animo
724 2287 774 2320 suo,
794 2276 939 2324 eupugnatore

129 2335 225 2375 urbium“
237 2332 263 2387 6).
277 2336 398 2389 „himsueti
409 2337 639 2392 possidebuntterram.
653 2370 657 2379 .
671 2370 674 2380 .
688 2370 692 2379 .
705 2338 752 2393 Ego
765 2343 833 2379 autem
845 2334 892 2379 dieo
903 2348 939 2377 vo·

129 2400 168 2446 bis,
181 2403 228 2452 quia
236 2403 309 2449 omnis,
322 2404 357 2454 qui
367 2404 469 2442 irascitur
481 2404 544 2441 fratri
556 2416 593 2441 suo
605 2416 655 2441 reus
668 2402 811 2452 erit-judiciou
820 2399 937 2446 etc.ete.’].

130 2462 217 2507 „Omnis
230 2464 356 2506 amaritudo,
376 2470 396 2500 et
407 2465 450 2506 ira,
470 2470 490 2499 et
501 2463 628 2511 indignatio,
648 2469 668 2500 et
680 2463 766 2506 elamor,
778 2468 799 2498 et
809 2459 939 2507 blasphemia

128 2520 214 2555 tollatur
226 2533 237 2557 a
248 2522 308 2559 robis
322 2533 367 2560 cum
380 2522 435 2559 omni
446 2521 540 2559 malitia“
553 2518 579 2569 Β).
597 2543 627 2549 -
644 2520 684 2558 Ubi
695 2532 746 2558 vero
758 2518 867 2571 poenitens
882 2517 938 2557 inor-

128 2580 199 2623 dinam
209 2581 306 2635 passione
318 2585 364 2626 irae
377 2599 400 2626 se
412 2585 491 2637 corripi
509 2584 611 2633 senserit,
631 2599 703 2625 onmes
722 2584 784 2624 animi
799 2584 832 2624 sui
843 2584 901 2623 vires
918 2583 938 2622 in

128 2660 150 2684 se
162 2647 208 2696 ipso
221 2648 342 2697 recolligat,
361 2661 400 2686 non
414 2648 495 2697 quidem
509 2661 554 2685 cum
566 2648 644 2696 impetu
664 2653 684 2682 et
699 2646 785 2690 ardore,
804 2646 840 2683 sed
857 2645 939 2693 placide

152 2803 167 2845 1)
178 2802 198 2838 S.
209 2801 279 2846 Chrys.
290 2801 341 2836 horn.
352 2804 369 2836 6.
379 2802 397 2837 in
407 2814 423 2838 e.
433 2804 456 2838 ll.
466 2805 556 2838 Aetiuun.
570 2824 594 2828 —
607 2800 622 2846 ²)
632 2804 646 2836 1.
656 2804 710 2837 Petr.
720 2805 753 2840 ΙΙΙ,
763 2806 793 2837 23.
807 2822 829 2827 —
843 2805 859 2842 ³)
869 2803 939 2836 Matth.

151 2890 152 2893 ¹
175 2852 735 2942 {leilndlfilzllbelihilhlfflli*
752 2852 896 2891 ”mill
908 2852 938 2882 ³²·
