2056 3193
149 88 178 133 50

150 211 241 243 struunt.
260 206 315 244 „Par
327 203 366 240 erit
383 213 449 250 poena
464 208 485 239 01
499 203 600 253 magistro
623 206 644 237 01
658 200 805 252 (11001001οΜ).
824 198 948 248 „Plerique

151 267 180 303 ait
191 266 214 304 S.
226 266 316 304 Basilius
327 262 347 299 in
359 262 444 308 isaiam,
469 261 595 312 scripturam
605 261 672 311 ipsam
686 262 707 299 in
723 275 796 314 aquam
812 266 948 304 convertunt,

149 328 310 376 permiscentes,
328 335 379 373 quae
396 336 433 362 suo
444 324 551 362 intellectu
569 322 700 374 excogitant,
717 324 738 362 in
753 331 867 362 extremam
881 320 950 371 perni-

151 388 203 425 cicm
216 385 336 423 auditorum.
348 385 403 422 Dum
417 384 470 423 enim
485 383 617 428 adnituntur,
641 389 665 421 ut
679 383 803 436 indulgendo
823 394 894 421 eorum
915 393 950 418 vo·

151 447 260 497 luptatibns
272 445 429 491 demereantur,
446 446 540 494 ipsorum
552 445 642 496 gratiam
652 457 690 493 per
703 457 778 483 suaves
791 455 898 483 sermones
917 442 951 479 ob-

150 506 253 551 lectando,
272 507 330 544 alunt
341 507 424 545 illorum
435 505 485 543 vitia
496 505 517 543 in
531 506 679 555 perditionem,
698 513 822 544 enervantes
838 503 950 543 auctorita·

149 573 220 604 temet
230 566 327 618 vigorem
339 567 491 616 seripturarum
499 566 586 604 vitiosos
593 566 672 604 utiliter
679 567 868 617 perstringentem,
881 564 905 602 ad
917 575 951 600 au·

150 627 239 665 ditonum
257 629 414 667 subversionem
430 634 553 666 enarrantes
568 628 708 666 multimodam
723 639 776 679 erga
786 626 879 665 homines
893 624 951 663 beni-

149 688 252 739 gnitatem
266 691 326 740 plane
341 689 477 735 ineruditam,
496 689 656 727 condonationes
674 689 724 727 item
743 695 879 739 peecatorum
897 685 951 723 nullo

150 749 194 788 sale
215 751 317 796 conditas,
335 757 355 788 et
370 750 420 789 talia
436 751 545 801 quaedam,
564 751 637 801 quihus
653 762 780 803 magnopere
796 749 915 788 effeminant
931 759 951 784 a·

149 812 237 851 nimas.'’
249 836 278 840 —
291 811 317 861 ²).

223 877 240 914 Ε
260 875 363 914 contrario
380 875 514 927 Rigorisrnus
532 876 651 915 modernam
669 875 757 914 hominis
774 874 911 926 fragilitatem
932 884 952 910 o·

151 937 218 976 mnino
227 950 266 976 non
274 937 369 984 attendit,
383 950 433 988 quae
442 950 499 977 mere
507 939 650 984 consuluntur,
662 945 759 988 tanquam
766 937 834 989 rigida
841 940 954 986 praecepta

152 1001 223 1046 effert,
241 1005 300 1050 atque
322 1011 362 1037 non
385 1000 470 1038 attentis
492 1013 564 1039 rerum
581 1012 759 1050 personarumque
779 998 880 1048 adjunctis
899 996 954 1035 onrni

152 1061 278 1113 mitigationi
289 1062 356 1099 locum
369 1061 445 1100 adimit.
464 1061 503 1112 Qui
514 1062 553 1101 hoc
564 1063 623 1101 modo
641 1062 767 1112 procedunt,
782 1060 879 1099 nesciunt
896 1070 953 1104 sane,

153 1122 211 1171 cnjus
227 1122 268 1161 sint
283 1123 376 1173 spiritus.
400 1124 534 1169 Generatim,
553 1124 587 1175 qui
601 1124 683 1162 nimium
702 1124 764 1173 petit,
782 1122 850 1161 onmia
860 1132 953 1171 pessum·

152 1185 196 1230 dat,
214 1191 235 1222 01
245 1196 282 1233 per
294 1184 348 1223 hunc
359 1183 491 1234 inhumanum
503 1186 597 1237 rigorem
609 1185 663 1223 aliud
675 1197 715 1223 non
727 1185 843 1229 obtinetur,
861 1194 921 1233 quam
932 1187 955 1218 ut

152 1246 281 1295 poenitentes
296 1246 364 1295 ipsum
377 1245 510 1285 Sacrarnenti
524 1259 584 1285 usum
599 1245 773 1296 perhorrescant,
791 1246 824 1283 vel
835 1244 915 1282 omnino
934 1242 955 1279 in

153 1306 318 1356 desperationem
330 1307 381 1352 acti,
400 1320 458 1346 omne
469 1309 525 1346 vitae
536 1301 629 1346 melioris
649 1308 757 1346 consilium
772 1307 881 1345 dimittant.
900 1304 954 1344 „Per

153 1367 253 1416 ejusmodi
271 1369 399 1406 assertiones
411 1369 506 1420 rigidas,
524 1376 544 1407 et
555 1369 616 1407 nimis
628 1370 714 1408 strictas
726 1370 747 1407 iu
759 1369 822 1407 rebus
837 1365 955 1410 universis,

153 1441 280 1480 nequaquam
299 1436 400 1468 eruuntur
411 1430 505 1469 homines
518 1444 528 1469 e
540 1432 582 1469 luto
595 1437 738 1481 peccatorum,
756 1431 793 1469 sed
807 1431 828 1468 in
842 1428 892 1467 illud
907 1439 954 1477 pro-

153 1490 247 1536 fundius,
265 1492 311 1541 quia
329 1492 474 1542 desperatius,
493 1490 689 1543 dernerguntur·’'³).
711 1494 782 1543 Neque
797 1491 847 1530 illud
862 1489 954 1528 reticere

153 1564 277 1601 possumus,
294 1565 356 1603 saepe
369 1553 425 1599 fieri,
442 1561 465 1591 ut
476 1554 491 1591 ii
501 1554 552 1603 ipsi,
570 1555 604 1604 qui
619 1567 672 1605 erga
689 1553 740 1592 alios
756 1560 834 1591 tantam
852 1550 954 1590 severita-

153 1619 195 1651 tem
213 1621 323 1659 exercent,
341 1621 362 1652 et
376 1615 476 1653 camelum
492 1615 585 1662 (funem)
601 1616 679 1665 absque
698 1616 752 1653 onrni
775 1612 955 1653 commiseratione

153 1675 299 1723 perforamen
318 1688 368 1713 acus
384 1677 518 1725 protrudunt,
537 1690 590 1728 erga
611 1677 735 1727 semetipsos
755 1676 839 1714 nimium
858 1680 956 1725 quantum

153 1735 238 1786 benigni
248 1734 413 1783 inveniamurtt.
431 1737 500 1785 Quare
512 1738 533 1775 in
543 1738 583 1777 hae
595 1750 659 1777 eausa
670 1738 758 1775 mediam
770 1743 877 1775 teneamus
888 1735 959 1779 viam,

154 1795 183 1832 ita
194 1802 216 1833 ut
226 1797 295 1846 legem
312 1797 404 1842 Christi,
422 1798 456 1835 ubi
468 1811 544 1836 revera
562 1806 639 1849 urget,
657 1799 734 1847 absque
751 1798 806 1836 omni
821 1797 901 1847 quidem
919 1795 956 1832 hu-

154 1868 212 1893 mano
224 1864 323 1906 respectu
335 1870 470 1904 veneremur,
483 1859 530 1909 quin
545 1866 614 1898 tamen
625 1860 689 1897 linum
700 1859 805 1910 fumigans
821 1870 858 1907 per
873 1856 956 1894 nimiam

155 1916 281 1966 rigiditatem
293 1924 386 1956 nostram
398 1918 552 1970 exstinguatur.
563 1920 624 1958 Absit
636 1919 717 1969 quidem
729 1919 794 1957 ononis
806 1918 881 1957 laxitas
889 1915 956 1953 inhoe

155 1988 215 2015 sacro
227 1990 312 2015 munere
325 1979 501 2025 administrando,
519 1992 592 2017 verum
607 1981 661 2018 absit
674 1987 694 2017 et
709 1980 774 2017 onmis
786 1980 860 2030 rigor!
878 1978 955 2014 Memo-

154 2049 188 2074 res
201 2037 265 2076 simus
277 2039 441 2077 mansuetudinis
454 2040 508 2077 Jesu
521 2040 613 2086 Christi,
632 2053 671 2090 qua
684 2042 731 2089 Ipse
743 2039 843 2078 tractavit
860 2044 956 2088 peccato·

154 2109 203 2143 res,
220 2111 271 2136 vera
283 2113 328 2138 cum
339 2100 467 2150 poenitentia
479 2101 503 2139 ad
515 2102 584 2151 Ipsum
597 2101 727 2140 accedentes¹
735 2101 789 2139 Etsi
801 2100 909 2150 contingat
919 2110 956 2136 nos

155 2170 241 2205 errare,
258 2162 326 2210 potius
339 2162 363 2199 dc
375 2162 516 2213 benignitate,
534 2175 594 2213 quam
606 2163 630 2201 de
642 2163 704 2200 nimia
716 2163 829 2201 severitate
844 2159 957 2211 reprehen-

155 2220 233 2259 damur.
246 2221 327 2260 Utinam
339 2235 404 2261 aurea
416 2223 438 2261 S.
455 2223 554 2262 Antonini
569 2225 634 2262 verba
649 2225 703 2262 nullo
716 2237 756 2262 nou
768 2230 860 2273 tempore
879 2227 925 2260 ante
938 2235 958 2259 0-

156 2281 213 2319 eulos
231 2288 360 2323 teneremus:
379 2284 469 2324 „illelius
482 2291 514 2323 est
529 2285 617 2325 Domino
636 2285 724 2323 reddere
739 2286 842 2324 rationem
858 2284 882 2321 de
897 2282 960 2321 nimia

155 2342 308 2392 misericordia,
321 2359 382 2397 quam
394 2347 418 2386 de
430 2347 492 2385 nimia
504 2347 623 2386 severitate.
638 2347 699 2387 eirea
720 2354 776 2386 tuam
787 2347 851 2385 vitam
864 2354 909 2386 esto
924 2360 958 2387 au-

156 2411 237 2452 sterus,
254 2407 310 2446 circa
328 2410 415 2448 aliorum
432 2416 500 2448 autem
514 2410 625 2462 benignus.
643 2411 734 2449 Audiaut
752 2416 771 2448 10
787 2409 960 2460 110111111οε’001·10

156 2468 295 2516 mandantem,
313 2478 333 2510 et
344 2484 421 2524 magna
432 2472 516 2511 videant
528 2472 659 2514 facientem,’'

157 2557 374 2568 -Q——Q

182 2603 197 2642 ¹)
208 2602 229 2635 S.
239 2601 292 2637 Hier.
302 2604 319 2638 in
329 2606 402 2640 Jerern.
414 2616 455 2650 cap.
468 2607 538 2642 XXIV.
547 2627 571 2631 -
580 2610 596 2649 2)
607 2607 646 2641 Gir.
655 2608 730 2642 Ezech„
742 2608 766 2640 11.
777 2609 805 2641 tr.
819 2607 919 2650 seq.Xlll.
931 2609 959 2640 te.

205 2656 311 2734 {aglu-7³)
325 2655 409 2691 Gerson.
421 2658 444 2691 P.
456 2658 489 2692 ΙΙΙ,
503 2657 552 2692 11111·.“
560 2660 577 2693 h,
590 2658 613 2691 da
626 2657 666 2691 vita
676 2658 739 2701 spirit.
752 2658 882 2699 lecta—11)
899 2657 960 2691 blath.

206 2727 213 2734 a
225 2724 232 2734 1
272 2711 304 2736 ,1.
