<?xml version="1.0" encoding="UTF-8"?>
<!DOCTYPE html PUBLIC "-//W3C//DTD XHTML 1.0 Transitional//EN"
    "http://www.w3.org/TR/xhtml1/DTD/xhtml1-transitional.dtd">
<html xmlns="http://www.w3.org/1999/xhtml" xml:lang="en" lang="en">
 <head>
  <title>
</title>
<meta http-equiv="Content-Type" content="text/html;charset=utf-8" />
  <meta name='ocr-system' content='tesseract 3.04.00' />
  <meta name='ocr-capabilities' content='ocr_page ocr_carea ocr_par ocr_line ocrx_word'/>
</head>
<body>
  <div class='ocr_page' id='page_1' title='image "MN42038ucmf_0_0238.png"; bbox 0 0 2056 3193; ppageno 0'>
   <div class='ocr_carea' id='block_1_1' title="bbox 164 94 207 146">
    <p class='ocr_par' dir='ltr' id='par_1_1' title="bbox 164 94 207 146">
     <span class='ocr_line' id='line_1_1' title="bbox 164 94 207 146; baseline 0.023 -1"><span class='ocrx_word' id='word_1_1' title='bbox 164 94 207 146; x_wconf 79' lang='grc'>196</span> 
     </span>
    </p>
   </div>
   <div class='ocr_carea' id='block_1_2' title="bbox 160 209 970 2654">
    <p class='ocr_par' dir='ltr' id='par_1_2' title="bbox 160 209 970 1185">
     <span class='ocr_line' id='line_1_2' title="bbox 164 209 968 270; baseline -0.004 -12"><span class='ocrx_word' id='word_1_2' title='bbox 164 220 266 265; x_wconf 79' lang='lat' dir='ltr'>cordiani,</span> <span class='ocrx_word' id='word_1_3' title='bbox 279 231 337 268; x_wconf 89' lang='lat' dir='ltr'>quam</span> <span class='ocrx_word' id='word_1_4' title='bbox 349 223 435 266; x_wconf 87' lang='lat' dir='ltr'>propter</span> <span class='ocrx_word' id='word_1_5' title='bbox 447 217 534 254; x_wconf 89' lang='lat' dir='ltr'>multam</span> <span class='ocrx_word' id='word_1_6' title='bbox 546 209 703 255; x_wconf 82' lang='lat' dir='ltr'>severitatem.’&#39;</span> <span class='ocrx_word' id='word_1_7' title='bbox 715 219 755 257; x_wconf 87' lang='lat' dir='ltr'>Ubi</span> <span class='ocrx_word' id='word_1_8' title='bbox 766 220 830 258; x_wconf 90' lang='lat' dir='ltr'>Pater</span> <span class='ocrx_word' id='word_1_9' title='bbox 842 219 915 270; x_wconf 86' lang='lat' dir='ltr'>largus</span> <span class='ocrx_word' id='word_1_10' title='bbox 928 215 968 263; x_wconf 82' lang='lat' dir='ltr'>cst,</span> 
     </span>
     <span class='ocr_line' id='line_1_3' title="bbox 164 278 968 332; baseline -0.005 -12"><span class='ocrx_word' id='word_1_11' title='bbox 164 282 294 332; x_wconf 83' lang='lat' dir='ltr'>dispensator</span> <span class='ocrx_word' id='word_1_12' title='bbox 306 291 346 316; x_wconf 89' lang='lat' dir='ltr'>non</span> <span class='ocrx_word' id='word_1_13' title='bbox 359 278 420 316; x_wconf 88' lang='lat' dir='ltr'>debet</span> <span class='ocrx_word' id='word_1_14' title='bbox 433 291 480 316; x_wconf 92' lang='lat' dir='ltr'>esse</span> <span class='ocrx_word' id='word_1_15' title='bbox 492 284 561 317; x_wconf 81' lang='lat' dir='ltr'>tenax.</span> <span class='ocrx_word' id='word_1_16' title='bbox 575 279 599 317; x_wconf 87' lang='lat' dir='ltr'>Si</span> <span class='ocrx_word' id='word_1_17' title='bbox 609 280 667 316; x_wconf 88' lang='lat' dir='ltr'>Deus</span> <span class='ocrx_word' id='word_1_18' title='bbox 679 278 784 330; x_wconf 89' lang='lat' dir='ltr'>benignus</span> <span class='ocrx_word' id='word_1_19' title='bbox 796 287 835 327; x_wconf 89' lang='lat' dir='ltr'>est,</span> <span class='ocrx_word' id='word_1_20' title='bbox 848 293 885 319; x_wconf 90' lang='lat' dir='ltr'>cur</span> <span class='ocrx_word' id='word_1_21' title='bbox 897 292 968 318; x_wconf 91' lang='lat' dir='ltr'>sacer-</span> 
     </span>
     <span class='ocr_line' id='line_1_4' title="bbox 164 339 968 390; baseline -0.004 -9"><span class='ocrx_word' id='word_1_22' title='bbox 164 343 200 381; x_wconf 90' lang='lat' dir='ltr'>dos</span> <span class='ocrx_word' id='word_1_23' title='bbox 214 343 326 379; x_wconf 82' lang='lat' dir='ltr'>austerus?</span> <span class='ocrx_word' id='word_1_24' title='bbox 343 340 383 376; x_wconf 91' lang='lat' dir='ltr'>Vis</span> <span class='ocrx_word' id='word_1_25' title='bbox 396 352 498 390; x_wconf 91' lang='lat' dir='ltr'>apparere</span> <span class='ocrx_word' id='word_1_26' title='bbox 510 343 610 379; x_wconf 83' lang='lat' dir='ltr'>sanctus?</span> <span class='ocrx_word' id='word_1_27' title='bbox 628 340 685 378; x_wconf 90' lang='lat' dir='ltr'>circa</span> <span class='ocrx_word' id='word_1_28' title='bbox 696 339 760 378; x_wconf 86' lang='lat' dir='ltr'>vitam</span> <span class='ocrx_word' id='word_1_29' title='bbox 774 348 829 380; x_wconf 91' lang='lat' dir='ltr'>tuam</span> <span class='ocrx_word' id='word_1_30' title='bbox 842 349 886 381; x_wconf 87' lang='lat' dir='ltr'>esto</span> <span class='ocrx_word' id='word_1_31' title='bbox 899 347 968 379; x_wconf 88' lang='lat' dir='ltr'>auste-</span> 
     </span>
     <span class='ocr_line' id='line_1_5' title="bbox 163 400 968 454; baseline -0.002 -13"><span class='ocrx_word' id='word_1_32' title='bbox 163 416 208 447; x_wconf 91' lang='lat' dir='ltr'>rus,</span> <span class='ocrx_word' id='word_1_33' title='bbox 226 402 284 439; x_wconf 89' lang='lat' dir='ltr'>circa</span> <span class='ocrx_word' id='word_1_34' title='bbox 296 401 384 439; x_wconf 91' lang='lat' dir='ltr'>aliorum</span> <span class='ocrx_word' id='word_1_35' title='bbox 395 402 500 453; x_wconf 81' lang='lat' dir='ltr'>benignus</span> <span class='ocrx_word' id='word_1_36' title='bbox 515 400 540 450; x_wconf 81' lang='lat'>¹).</span> <span class='ocrx_word' id='word_1_37' title='bbox 557 400 653 446; x_wconf 81' lang='lat' dir='ltr'><strong>Accedit,</strong></span> <span class='ocrx_word' id='word_1_38' title='bbox 671 400 724 451; x_wconf 89' lang='lat' dir='ltr'>quod</span> <span class='ocrx_word' id='word_1_39' title='bbox 735 400 852 450; x_wconf 90' lang='lat' dir='ltr'>hujusmodi</span> <span class='ocrx_word' id='word_1_40' title='bbox 863 403 968 454; x_wconf 90' lang='lat' dir='ltr'>poeniten-</span> 
     </span>
     <span class='ocr_line' id='line_1_6' title="bbox 163 462 968 518; baseline 0 -18"><span class='ocrx_word' id='word_1_41' title='bbox 163 464 190 501; x_wconf 90' lang='lat' dir='ltr'>tia</span> <span class='ocrx_word' id='word_1_42' title='bbox 207 463 276 500; x_wconf 85' lang='lat' dir='ltr'>mitior</span> <span class='ocrx_word' id='word_1_43' title='bbox 294 463 368 512; x_wconf 89' lang='lat' dir='ltr'>majori</span> <span class='ocrx_word' id='word_1_44' title='bbox 385 463 463 518; x_wconf 82' lang='lat' dir='ltr'>doloris</span> <span class='ocrx_word' id='word_1_45' title='bbox 481 476 504 501; x_wconf 91' lang='lat' dir='ltr'>ac</span> <span class='ocrx_word' id='word_1_46' title='bbox 522 462 630 502; x_wconf 88' lang='lat' dir='ltr'>charitatis</span> <span class='ocrx_word' id='word_1_47' title='bbox 650 462 734 499; x_wconf 88' lang='lat' dir='ltr'>fervore</span> <span class='ocrx_word' id='word_1_48' title='bbox 757 465 881 514; x_wconf 80' lang='lat' dir='ltr'>peragitur,</span> <span class='ocrx_word' id='word_1_49' title='bbox 910 476 968 515; x_wconf 90' lang='lat' dir='ltr'>quam</span> 
     </span>
     <span class='ocr_line' id='line_1_7' title="bbox 161 523 968 574; baseline 0.001 -13"><span class='ocrx_word' id='word_1_50' title='bbox 161 524 221 562; x_wconf 80' lang='lat' dir='ltr'>ninus</span> <span class='ocrx_word' id='word_1_51' title='bbox 235 524 300 563; x_wconf 92' lang='lat' dir='ltr'>ardua</span> <span class='ocrx_word' id='word_1_52' title='bbox 314 532 335 562; x_wconf 91' lang='lat' dir='ltr'>et</span> <span class='ocrx_word' id='word_1_53' title='bbox 346 525 441 570; x_wconf 88' lang='lat' dir='ltr'>molesta,</span> <span class='ocrx_word' id='word_1_54' title='bbox 455 537 506 574; x_wconf 91' lang='lat' dir='ltr'>quae</span> <span class='ocrx_word' id='word_1_55' title='bbox 519 534 668 574; x_wconf 74' lang='lat' dir='ltr'>saepenumero</span> <span class='ocrx_word' id='word_1_56' title='bbox 681 523 797 561; x_wconf 88' lang='lat' dir='ltr'>oscitanter</span> <span class='ocrx_word' id='word_1_57' title='bbox 810 531 888 564; x_wconf 88' lang='lat' dir='ltr'>etcum</span> <span class='ocrx_word' id='word_1_58' title='bbox 901 525 968 564; x_wconf 91' lang='lat' dir='ltr'>taedio</span> 
     </span>
     <span class='ocr_line' id='line_1_8' title="bbox 161 584 968 636; baseline 0 -13"><span class='ocrx_word' id='word_1_59' title='bbox 161 586 296 634; x_wconf 78' lang='lat' dir='ltr'>persolvitur</span> <span class='ocrx_word' id='word_1_60' title='bbox 313 587 357 623; x_wconf 74' lang='lat' dir='ltr'>Nec</span> <span class='ocrx_word' id='word_1_61' title='bbox 375 586 444 623; x_wconf 81' lang='lat' dir='ltr'>obstat</span> <span class='ocrx_word' id='word_1_62' title='bbox 461 586 520 636; x_wconf 91' lang='lat' dir='ltr'>rigor</span> <span class='ocrx_word' id='word_1_63' title='bbox 538 585 633 635; x_wconf 84' lang='lat' dir='ltr'>antiquae</span> <span class='ocrx_word' id='word_1_64' title='bbox 646 584 777 634; x_wconf 79' lang='lat' dir='ltr'>discipliuae3</span> <span class='ocrx_word' id='word_1_65' title='bbox 795 597 841 622; x_wconf 93' lang='lat' dir='ltr'>nam</span> <span class='ocrx_word' id='word_1_66' title='bbox 858 587 968 626; x_wconf 78' lang='lat' dir='ltr'>Ecclesiae</span> 
     </span>
     <span class='ocr_line' id='line_1_9' title="bbox 161 646 968 696; baseline -0.001 -11"><span class='ocrx_word' id='word_1_67' title='bbox 161 648 270 696; x_wconf 83' lang='lat' dir='ltr'>praesules</span> <span class='ocrx_word' id='word_1_68' title='bbox 283 647 477 684; x_wconf 79' lang='lat' dir='ltr'>determinationem</span> <span class='ocrx_word' id='word_1_69' title='bbox 489 646 642 684; x_wconf 82' lang='lat' dir='ltr'>satisfactionis</span> <span class='ocrx_word' id='word_1_70' title='bbox 656 646 834 684; x_wconf 79' lang='lat' dir='ltr'>confessariorum</span> <span class='ocrx_word' id='word_1_71' title='bbox 847 649 968 695; x_wconf 82' lang='lat' dir='ltr'>prudentiae</span> 
     </span>
     <span class='ocr_line' id='line_1_10' title="bbox 162 707 969 758; baseline 0.001 -12"><span class='ocrx_word' id='word_1_72' title='bbox 162 715 183 746; x_wconf 90' lang='lat' dir='ltr'>et</span> <span class='ocrx_word' id='word_1_73' title='bbox 199 708 283 758; x_wconf 91' lang='lat' dir='ltr'>spiritui</span> <span class='ocrx_word' id='word_1_74' title='bbox 299 707 439 757; x_wconf 89' lang='lat' dir='ltr'>reliquerunt,</span> <span class='ocrx_word' id='word_1_75' title='bbox 463 708 515 744; x_wconf 92' lang='lat' dir='ltr'>bene</span> <span class='ocrx_word' id='word_1_76' title='bbox 532 707 639 756; x_wconf 86' lang='lat' dir='ltr'>persuasi,</span> <span class='ocrx_word' id='word_1_77' title='bbox 664 707 688 744; x_wconf 92' lang='lat' dir='ltr'>ob</span> <span class='ocrx_word' id='word_1_78' title='bbox 706 707 810 745; x_wconf 80' lang='lat' dir='ltr'>beluinum</span> <span class='ocrx_word' id='word_1_79' title='bbox 826 707 969 747; x_wconf 87' lang='lat' dir='ltr'>infirmitatem</span> 
     </span>
     <span class='ocr_line' id='line_1_11' title="bbox 162 768 970 819; baseline 0 -12"><span class='ocrx_word' id='word_1_80' title='bbox 162 769 268 807; x_wconf 81' lang='lat' dir='ltr'>Canonum</span> <span class='ocrx_word' id='word_1_81' title='bbox 280 768 369 805; x_wconf 88' lang='lat' dir='ltr'>istorum</span> <span class='ocrx_word' id='word_1_82' title='bbox 381 768 475 819; x_wconf 87' lang='lat' dir='ltr'>rigorem</span> <span class='ocrx_word' id='word_1_83' title='bbox 487 768 506 804; x_wconf 96' lang='lat' dir='ltr'>in</span> <span class='ocrx_word' id='word_1_84' title='bbox 519 768 565 805; x_wconf 91' lang='lat' dir='ltr'>foro</span> <span class='ocrx_word' id='word_1_85' title='bbox 578 768 728 806; x_wconf 87' lang='lat' dir='ltr'>sacramentali</span> <span class='ocrx_word' id='word_1_86' title='bbox 745 769 769 806; x_wconf 93' lang='lat' dir='ltr'>ad</span> <span class='ocrx_word' id='word_1_87' title='bbox 786 769 869 806; x_wconf 90' lang='lat' dir='ltr'>literam</span> <span class='ocrx_word' id='word_1_88' title='bbox 886 770 970 807; x_wconf 87' lang='lat' dir='ltr'>servari</span> 
     </span>
     <span class='ocr_line' id='line_1_12' title="bbox 161 829 968 879; baseline 0 -12"><span class='ocrx_word' id='word_1_89' title='bbox 161 830 273 869; x_wconf 92' lang='lat' dir='ltr'>difficulter</span> <span class='ocrx_word' id='word_1_90' title='bbox 285 842 354 878; x_wconf 91' lang='lat' dir='ltr'>posse.</span> <span class='ocrx_word' id='word_1_91' title='bbox 369 829 444 868; x_wconf 75' lang='lat' dir='ltr'>„stent</span> <span class='ocrx_word' id='word_1_92' title='bbox 457 829 548 867; x_wconf 89' lang='lat' dir='ltr'>medicus</span> <span class='ocrx_word' id='word_1_93' title='bbox 561 830 669 879; x_wconf 91' lang='lat' dir='ltr'>aliquando</span> <span class='ocrx_word' id='word_1_94' title='bbox 681 829 795 879; x_wconf 90' lang='lat' dir='ltr'>prudenter</span> <span class='ocrx_word' id='word_1_95' title='bbox 807 842 847 867; x_wconf 93' lang='lat' dir='ltr'>non</span> <span class='ocrx_word' id='word_1_96' title='bbox 859 830 894 868; x_wconf 89' lang='lat' dir='ltr'>dat</span> <span class='ocrx_word' id='word_1_97' title='bbox 905 831 968 868; x_wconf 88' lang='lat' dir='ltr'>medi-</span> 
     </span>
     <span class='ocr_line' id='line_1_13' title="bbox 162 890 969 941; baseline -0.001 -12"><span class='ocrx_word' id='word_1_98' title='bbox 162 891 229 929; x_wconf 83' lang='lat' dir='ltr'>cinam</span> <span class='ocrx_word' id='word_1_99' title='bbox 246 891 364 936; x_wconf 83' lang='lat' dir='ltr'>efficacem,</span> <span class='ocrx_word' id='word_1_100' title='bbox 383 902 434 940; x_wconf 93' lang='lat' dir='ltr'>quae</span> <span class='ocrx_word' id='word_1_101' title='bbox 453 890 477 927; x_wconf 90' lang='lat' dir='ltr'>ad</span> <span class='ocrx_word' id='word_1_102' title='bbox 495 891 561 928; x_wconf 84' lang='lat' dir='ltr'>morbi</span> <span class='ocrx_word' id='word_1_103' title='bbox 578 891 708 928; x_wconf 88' lang='lat' dir='ltr'>curationem</span> <span class='ocrx_word' id='word_1_104' title='bbox 720 891 822 936; x_wconf 86' lang='lat' dir='ltr'>sufficiat,</span> <span class='ocrx_word' id='word_1_105' title='bbox 840 903 866 928; x_wconf 90' lang='lat' dir='ltr'>ne</span> <span class='ocrx_word' id='word_1_106' title='bbox 883 898 969 941; x_wconf 89' lang='lat' dir='ltr'>propter</span> 
     </span>
     <span class='ocr_line' id='line_1_14' title="bbox 162 952 968 1000; baseline -0.002 -10"><span class='ocrx_word' id='word_1_107' title='bbox 162 952 288 990; x_wconf 90' lang='lat' dir='ltr'>debilitatem</span> <span class='ocrx_word' id='word_1_108' title='bbox 305 958 393 989; x_wconf 86' lang='lat' dir='ltr'>naturae</span> <span class='ocrx_word' id='word_1_109' title='bbox 411 952 477 1000; x_wconf 89' lang='lat' dir='ltr'>majus</span> <span class='ocrx_word' id='word_1_110' title='bbox 494 952 610 1000; x_wconf 88' lang='lat' dir='ltr'>periculum</span> <span class='ocrx_word' id='word_1_111' title='bbox 627 952 719 998; x_wconf 72' lang='lat' dir='ltr'>oriatur,</span> <span class='ocrx_word' id='word_1_112' title='bbox 736 952 765 989; x_wconf 90' lang='lat' dir='ltr'>ita</span> <span class='ocrx_word' id='word_1_113' title='bbox 782 952 883 990; x_wconf 86' lang='lat' dir='ltr'>sacerdos</span> <span class='ocrx_word' id='word_1_114' title='bbox 901 952 968 990; x_wconf 87' lang='lat' dir='ltr'>divino</span> 
     </span>
     <span class='ocr_line' id='line_1_15' title="bbox 160 1014 968 1064; baseline 0 -13"><span class='ocrx_word' id='word_1_115' title='bbox 160 1014 261 1052; x_wconf 90' lang='lat' dir='ltr'>instinctu</span> <span class='ocrx_word' id='word_1_116' title='bbox 274 1020 341 1051; x_wconf 90' lang='lat' dir='ltr'>motus</span> <span class='ocrx_word' id='word_1_117' title='bbox 353 1025 393 1050; x_wconf 93' lang='lat' dir='ltr'>non</span> <span class='ocrx_word' id='word_1_118' title='bbox 405 1025 488 1062; x_wconf 86' lang='lat' dir='ltr'>semper</span> <span class='ocrx_word' id='word_1_119' title='bbox 500 1018 565 1050; x_wconf 88' lang='lat' dir='ltr'>totam</span> <span class='ocrx_word' id='word_1_120' title='bbox 576 1025 675 1061; x_wconf 89' lang='lat' dir='ltr'>poenam,</span> <span class='ocrx_word' id='word_1_121' title='bbox 692 1025 744 1063; x_wconf 92' lang='lat' dir='ltr'>quae</span> <span class='ocrx_word' id='word_1_122' title='bbox 762 1014 796 1051; x_wconf 93' lang='lat' dir='ltr'>uni</span> <span class='ocrx_word' id='word_1_123' title='bbox 808 1020 894 1064; x_wconf 90' lang='lat' dir='ltr'>peccato</span> <span class='ocrx_word' id='word_1_124' title='bbox 907 1014 968 1051; x_wconf 90' lang='lat' dir='ltr'>debe·</span> 
     </span>
     <span class='ocr_line' id='line_1_16' title="bbox 161 1073 968 1125; baseline -0.001 -13"><span class='ocrx_word' id='word_1_125' title='bbox 161 1081 202 1121; x_wconf 86' lang='lat' dir='ltr'>tur,</span> <span class='ocrx_word' id='word_1_126' title='bbox 219 1075 320 1124; x_wconf 77' lang='lat' dir='ltr'>injungit,</span> <span class='ocrx_word' id='word_1_127' title='bbox 338 1087 362 1111; x_wconf 89' lang='lat' dir='ltr'>ne</span> <span class='ocrx_word' id='word_1_128' title='bbox 374 1073 469 1111; x_wconf 87' lang='lat' dir='ltr'>infirmus</span> <span class='ocrx_word' id='word_1_129' title='bbox 482 1073 556 1122; x_wconf 90' lang='lat' dir='ltr'>aliquis</span> <span class='ocrx_word' id='word_1_130' title='bbox 569 1086 595 1110; x_wconf 75' lang='lat' dir='ltr'>ex</span> <span class='ocrx_word' id='word_1_131' title='bbox 607 1074 749 1125; x_wconf 82' lang='lat' dir='ltr'>magnitudine</span> <span class='ocrx_word' id='word_1_132' title='bbox 761 1087 839 1124; x_wconf 86' lang='lat' dir='ltr'>poenae</span> <span class='ocrx_word' id='word_1_133' title='bbox 856 1074 968 1124; x_wconf 90' lang='lat' dir='ltr'>desperet,</span> 
     </span>
     <span class='ocr_line' id='line_1_17' title="bbox 162 1132 602 1185; baseline -0.005 -12"><span class='ocrx_word' id='word_1_134' title='bbox 162 1142 182 1173; x_wconf 88' lang='lat' dir='ltr'>et</span> <span class='ocrx_word' id='word_1_135' title='bbox 194 1149 206 1173; x_wconf 92' lang='lat' dir='ltr'>a</span> <span class='ocrx_word' id='word_1_136' title='bbox 216 1135 344 1185; x_wconf 86' lang='lat' dir='ltr'>poenitentia</span> <span class='ocrx_word' id='word_1_137' title='bbox 355 1135 450 1172; x_wconf 89' lang='lat' dir='ltr'>totaliter</span> <span class='ocrx_word' id='word_1_138' title='bbox 462 1134 560 1172; x_wconf 74' lang='lat' dir='ltr'>reccdaf&#39;</span> <span class='ocrx_word' id='word_1_139' title='bbox 575 1132 602 1181; x_wconf 80' lang='lat'>²].</span> 
     </span>
    </p>

    <p class='ocr_par' dir='ltr' id='par_1_3' title="bbox 160 1195 968 1734">
     <span class='ocr_line' id='line_1_18' title="bbox 234 1195 968 1245; baseline 0.001 -12"><span class='ocrx_word' id='word_1_140' title='bbox 234 1196 347 1234; x_wconf 81' lang='lat' dir='ltr'>Fatendum</span> <span class='ocrx_word' id='word_1_141' title='bbox 364 1196 462 1240; x_wconf 79' lang='lat' dir='ltr'>interint,</span> <span class='ocrx_word' id='word_1_142' title='bbox 479 1207 593 1244; x_wconf 88' lang='lat' dir='ltr'>poenarum</span> <span class='ocrx_word' id='word_1_143' title='bbox 610 1207 648 1244; x_wconf 93' lang='lat' dir='ltr'>per</span> <span class='ocrx_word' id='word_1_144' title='bbox 660 1195 756 1245; x_wconf 89' lang='lat' dir='ltr'>antiquos</span> <span class='ocrx_word' id='word_1_145' title='bbox 769 1208 860 1234; x_wconf 90' lang='lat' dir='ltr'>canones</span> <span class='ocrx_word' id='word_1_146' title='bbox 872 1197 968 1235; x_wconf 90' lang='lat' dir='ltr'>decreta·</span> 
     </span>
     <span class='ocr_line' id='line_1_19' title="bbox 161 1256 968 1307; baseline -0.001 -12"><span class='ocrx_word' id='word_1_147' title='bbox 161 1270 206 1295; x_wconf 90' lang='lat' dir='ltr'>rum</span> <span class='ocrx_word' id='word_1_148' title='bbox 223 1257 318 1294; x_wconf 79' lang='lat' dir='ltr'>notitIam</span> <span class='ocrx_word' id='word_1_149' title='bbox 335 1257 407 1293; x_wconf 90' lang='lat' dir='ltr'>utilem</span> <span class='ocrx_word' id='word_1_150' title='bbox 420 1269 467 1293; x_wconf 93' lang='lat' dir='ltr'>esse</span> <span class='ocrx_word' id='word_1_151' title='bbox 480 1262 500 1293; x_wconf 92' lang='lat' dir='ltr'>et</span> <span class='ocrx_word' id='word_1_152' title='bbox 511 1256 627 1305; x_wconf 89' lang='lat' dir='ltr'>poenitenti</span> <span class='ocrx_word' id='word_1_153' title='bbox 638 1263 659 1293; x_wconf 92' lang='lat' dir='ltr'>et</span> <span class='ocrx_word' id='word_1_154' title='bbox 671 1256 802 1294; x_wconf 84' lang='lat' dir='ltr'>confessario</span> <span class='ocrx_word' id='word_1_155' title='bbox 807 1272 812 1302; x_wconf 87' lang='lat'>;</span> <span class='ocrx_word' id='word_1_156' title='bbox 830 1257 860 1294; x_wconf 93' lang='lat' dir='ltr'>illi</span> <span class='ocrx_word' id='word_1_157' title='bbox 877 1258 968 1307; x_wconf 90' lang='lat' dir='ltr'>quidem,</span> 
     </span>
     <span class='ocr_line' id='line_1_20' title="bbox 161 1316 968 1367; baseline -0.001 -11"><span class='ocrx_word' id='word_1_158' title='bbox 161 1324 183 1356; x_wconf 91' lang='lat' dir='ltr'>ut</span> <span class='ocrx_word' id='word_1_159' title='bbox 195 1318 225 1356; x_wconf 93' lang='lat' dir='ltr'>sic</span> <span class='ocrx_word' id='word_1_160' title='bbox 238 1318 262 1355; x_wconf 92' lang='lat' dir='ltr'>ad</span> <span class='ocrx_word' id='word_1_161' title='bbox 274 1317 375 1366; x_wconf 91' lang='lat' dir='ltr'>majorem</span> <span class='ocrx_word' id='word_1_162' title='bbox 386 1317 479 1355; x_wconf 90' lang='lat' dir='ltr'>dolorem</span> <span class='ocrx_word' id='word_1_163' title='bbox 492 1316 613 1362; x_wconf 83' lang='lat' dir='ltr'>adducatur,</span> <span class='ocrx_word' id='word_1_164' title='bbox 625 1316 813 1367; x_wconf 84' lang='lat' dir='ltr'>poenitentiamque</span> <span class='ocrx_word' id='word_1_165' title='bbox 825 1318 968 1363; x_wconf 88' lang='lat' dir='ltr'>leviusculam,</span> 
     </span>
     <span class='ocr_line' id='line_1_21' title="bbox 162 1377 968 1428; baseline -0.001 -11"><span class='ocrx_word' id='word_1_166' title='bbox 162 1392 221 1428; x_wconf 89' lang='lat' dir='ltr'>quam</span> <span class='ocrx_word' id='word_1_167' title='bbox 234 1378 378 1417; x_wconf 88' lang='lat' dir='ltr'>confessarius</span> <span class='ocrx_word' id='word_1_168' title='bbox 390 1378 459 1424; x_wconf 88' lang='lat' dir='ltr'>dedit,</span> <span class='ocrx_word' id='word_1_169' title='bbox 477 1378 569 1415; x_wconf 88' lang='lat' dir='ltr'>alacrius</span> <span class='ocrx_word' id='word_1_170' title='bbox 582 1384 709 1428; x_wconf 86' lang='lat' dir='ltr'>exsequatur</span> <span class='ocrx_word' id='word_1_171' title='bbox 714 1392 719 1422; x_wconf 90' lang='lat'>;</span> <span class='ocrx_word' id='word_1_172' title='bbox 737 1377 785 1416; x_wconf 85' lang='lat' dir='ltr'>lruic</span> <span class='ocrx_word' id='word_1_173' title='bbox 796 1391 858 1423; x_wconf 85' lang='lat' dir='ltr'>vero,</span> <span class='ocrx_word' id='word_1_174' title='bbox 875 1386 898 1416; x_wconf 92' lang='lat' dir='ltr'>ut</span> <span class='ocrx_word' id='word_1_175' title='bbox 908 1391 968 1428; x_wconf 90' lang='lat' dir='ltr'>prae-</span> 
     </span>
     <span class='ocr_line' id='line_1_22' title="bbox 161 1439 968 1490; baseline -0.001 -12"><span class='ocrx_word' id='word_1_176' title='bbox 161 1441 265 1478; x_wconf 90' lang='lat' dir='ltr'>muniatur</span> <span class='ocrx_word' id='word_1_177' title='bbox 277 1440 353 1489; x_wconf 92' lang='lat' dir='ltr'>spiritu</span> <span class='ocrx_word' id='word_1_178' title='bbox 364 1440 435 1490; x_wconf 89' lang='lat' dir='ltr'>legum</span> <span class='ocrx_word' id='word_1_179' title='bbox 447 1439 626 1488; x_wconf 88' lang='lat' dir='ltr'>poenitentialium</span> <span class='ocrx_word' id='word_1_180' title='bbox 638 1439 717 1476; x_wconf 90' lang='lat' dir='ltr'>veteris</span> <span class='ocrx_word' id='word_1_181' title='bbox 729 1439 847 1483; x_wconf 80' lang='lat' dir='ltr'>Ecclesiae,</span> <span class='ocrx_word' id='word_1_182' title='bbox 859 1440 968 1489; x_wconf 81' lang='lat' dir='ltr'>quominus</span> 
     </span>
     <span class='ocr_line' id='line_1_23' title="bbox 160 1499 968 1550; baseline -0.001 -12"><span class='ocrx_word' id='word_1_183' title='bbox 160 1501 180 1537; x_wconf 91' lang='lat' dir='ltr'>in</span> <span class='ocrx_word' id='word_1_184' title='bbox 193 1501 276 1538; x_wconf 87' lang='lat' dir='ltr'>nimiam</span> <span class='ocrx_word' id='word_1_185' title='bbox 288 1500 410 1548; x_wconf 91' lang='lat' dir='ltr'>prolabatur</span> <span class='ocrx_word' id='word_1_186' title='bbox 422 1499 545 1537; x_wconf 89' lang='lat' dir='ltr'>facilitatem</span> <span class='ocrx_word' id='word_1_187' title='bbox 557 1505 578 1536; x_wconf 90' lang='lat' dir='ltr'>et</span> <span class='ocrx_word' id='word_1_188' title='bbox 588 1499 749 1550; x_wconf 84' lang='lat' dir='ltr'>indulgentiam,</span> <span class='ocrx_word' id='word_1_189' title='bbox 765 1512 817 1549; x_wconf 88' lang='lat' dir='ltr'>quae</span> <span class='ocrx_word' id='word_1_190' title='bbox 830 1500 854 1537; x_wconf 91' lang='lat' dir='ltr'>ab</span> <span class='ocrx_word' id='word_1_191' title='bbox 867 1500 923 1537; x_wconf 92' lang='lat' dir='ltr'>omni</span> <span class='ocrx_word' id='word_1_192' title='bbox 934 1512 968 1537; x_wconf 91' lang='lat' dir='ltr'>ec-</span> 
     </span>
     <span class='ocr_line' id='line_1_24' title="bbox 161 1560 968 1610; baseline 0 -11"><span class='ocrx_word' id='word_1_193' title='bbox 161 1562 280 1599; x_wconf 89' lang='lat' dir='ltr'>clesiastico</span> <span class='ocrx_word' id='word_1_194' title='bbox 297 1561 405 1610; x_wconf 88' lang='lat' dir='ltr'>divinoque</span> <span class='ocrx_word' id='word_1_195' title='bbox 422 1561 494 1598; x_wconf 89' lang='lat' dir='ltr'>ordine</span> <span class='ocrx_word' id='word_1_196' title='bbox 509 1560 643 1598; x_wconf 91' lang='lat' dir='ltr'>recedensin</span> <span class='ocrx_word' id='word_1_197' title='bbox 656 1567 774 1605; x_wconf 89' lang='lat' dir='ltr'>causaest,</span> <span class='ocrx_word' id='word_1_198' title='bbox 791 1573 828 1598; x_wconf 92' lang='lat' dir='ltr'>cur</span> <span class='ocrx_word' id='word_1_199' title='bbox 844 1568 968 1609; x_wconf 87' lang='lat' dir='ltr'>peccatores</span> 
     </span>
     <span class='ocr_line' id='line_1_25' title="bbox 162 1621 968 1672; baseline -0.001 -12"><span class='ocrx_word' id='word_1_200' title='bbox 162 1623 187 1660; x_wconf 90' lang='lat' dir='ltr'>ad</span> <span class='ocrx_word' id='word_1_201' title='bbox 199 1623 306 1660; x_wconf 89' lang='lat' dir='ltr'>meliorem</span> <span class='ocrx_word' id='word_1_202' title='bbox 319 1622 403 1672; x_wconf 84' lang='lat' dir='ltr'>frugem</span> <span class='ocrx_word' id='word_1_203' title='bbox 415 1634 455 1658; x_wconf 86' lang='lat' dir='ltr'>non</span> <span class='ocrx_word' id='word_1_204' title='bbox 467 1621 565 1666; x_wconf 85' lang='lat' dir='ltr'>redeant,</span> <span class='ocrx_word' id='word_1_205' title='bbox 584 1621 721 1659; x_wconf 87' lang='lat' dir='ltr'>Sacramenta</span> <span class='ocrx_word' id='word_1_206' title='bbox 735 1622 862 1670; x_wconf 86' lang='lat' dir='ltr'>polluantur,</span> <span class='ocrx_word' id='word_1_207' title='bbox 880 1629 901 1659; x_wconf 89' lang='lat' dir='ltr'>et</span> <span class='ocrx_word' id='word_1_208' title='bbox 917 1622 968 1659; x_wconf 90' lang='lat' dir='ltr'>divi-</span> 
     </span>
     <span class='ocr_line' id='line_1_26' title="bbox 161 1682 648 1734; baseline -0.002 -14"><span class='ocrx_word' id='word_1_209' title='bbox 161 1696 199 1721; x_wconf 88' lang='lat' dir='ltr'>nae</span> <span class='ocrx_word' id='word_1_210' title='bbox 212 1690 233 1722; x_wconf 91' lang='lat' dir='ltr'>et</span> <span class='ocrx_word' id='word_1_211' title='bbox 250 1683 409 1721; x_wconf 90' lang='lat' dir='ltr'>ecclesiasticae</span> <span class='ocrx_word' id='word_1_212' title='bbox 427 1684 487 1734; x_wconf 85' lang='lat' dir='ltr'>leges</span> <span class='ocrx_word' id='word_1_213' title='bbox 504 1682 648 1734; x_wconf 79' lang='lat' dir='ltr'>negligantur.</span> 
     </span>
    </p>

    <p class='ocr_par' dir='ltr' id='par_1_4' title="bbox 160 1744 970 2654">
     <span class='ocr_line' id='line_1_27' title="bbox 235 1744 968 1793; baseline 0 -12"><span class='ocrx_word' id='word_1_214' title='bbox 235 1744 301 1792; x_wconf 77' lang='lat' dir='ltr'>Quum</span> <span class='ocrx_word' id='word_1_215' title='bbox 312 1756 363 1781; x_wconf 84' lang='lat' dir='ltr'>vero</span> <span class='ocrx_word' id='word_1_216' title='bbox 375 1744 446 1793; x_wconf 82' lang='lat' dir='ltr'>praxis</span> <span class='ocrx_word' id='word_1_217' title='bbox 458 1744 569 1782; x_wconf 83' lang='lat' dir='ltr'>Ecclesiae</span> <span class='ocrx_word' id='word_1_218' title='bbox 582 1744 680 1781; x_wconf 88' lang='lat' dir='ltr'>moderna</span> <span class='ocrx_word' id='word_1_219' title='bbox 691 1744 711 1781; x_wconf 94' lang='lat' dir='ltr'>in</span> <span class='ocrx_word' id='word_1_220' title='bbox 729 1744 909 1782; x_wconf 87' lang='lat' dir='ltr'>satisfactionibus</span> <span class='ocrx_word' id='word_1_221' title='bbox 926 1757 968 1781; x_wconf 90' lang='lat' dir='ltr'>ma-</span> 
     </span>
     <span class='ocr_line' id='line_1_28' title="bbox 161 1805 968 1855; baseline -0.001 -11"><span class='ocrx_word' id='word_1_222' title='bbox 161 1813 220 1844; x_wconf 88' lang='lat' dir='ltr'>terne</span> <span class='ocrx_word' id='word_1_223' title='bbox 233 1807 285 1844; x_wconf 88' lang='lat' dir='ltr'>lenis</span> <span class='ocrx_word' id='word_1_224' title='bbox 298 1806 395 1855; x_wconf 90' lang='lat' dir='ltr'>mitisque</span> <span class='ocrx_word' id='word_1_225' title='bbox 412 1806 450 1850; x_wconf 89' lang='lat' dir='ltr'>sit,</span> <span class='ocrx_word' id='word_1_226' title='bbox 468 1805 612 1843; x_wconf 88' lang='lat' dir='ltr'>satisfaciendi</span> <span class='ocrx_word' id='word_1_227' title='bbox 629 1812 698 1843; x_wconf 89' lang='lat' dir='ltr'>autem</span> <span class='ocrx_word' id='word_1_228' title='bbox 710 1806 829 1843; x_wconf 90' lang='lat' dir='ltr'>necessitas</span> <span class='ocrx_word' id='word_1_229' title='bbox 843 1806 914 1843; x_wconf 89' lang='lat' dir='ltr'>eadem</span> <span class='ocrx_word' id='word_1_230' title='bbox 926 1818 968 1843; x_wconf 92' lang='lat' dir='ltr'>ma·</span> 
     </span>
     <span class='ocr_line' id='line_1_29' title="bbox 160 1866 968 1917; baseline -0.001 -13"><span class='ocrx_word' id='word_1_231' title='bbox 160 1875 220 1913; x_wconf 87' lang='lat' dir='ltr'>neat,</span> <span class='ocrx_word' id='word_1_232' title='bbox 238 1868 376 1905; x_wconf 86' lang='lat' dir='ltr'>sacerrimum</span> <span class='ocrx_word' id='word_1_233' title='bbox 394 1866 520 1904; x_wconf 92' lang='lat' dir='ltr'>confessarii</span> <span class='ocrx_word' id='word_1_234' title='bbox 537 1867 629 1904; x_wconf 91' lang='lat' dir='ltr'>officium</span> <span class='ocrx_word' id='word_1_235' title='bbox 646 1872 689 1910; x_wconf 89' lang='lat' dir='ltr'>est,</span> <span class='ocrx_word' id='word_1_236' title='bbox 707 1867 827 1917; x_wconf 88' lang='lat' dir='ltr'>generatim</span> <span class='ocrx_word' id='word_1_237' title='bbox 844 1867 968 1915; x_wconf 87' lang='lat' dir='ltr'>poenitenti-</span> 
     </span>
     <span class='ocr_line' id='line_1_30' title="bbox 160 1927 968 1980; baseline -0.002 -13"><span class='ocrx_word' id='word_1_238' title='bbox 160 1929 209 1975; x_wconf 86' lang='lat' dir='ltr'>bus,</span> <span class='ocrx_word' id='word_1_239' title='bbox 233 1929 267 1979; x_wconf 91' lang='lat' dir='ltr'>qui</span> <span class='ocrx_word' id='word_1_240' title='bbox 284 1928 393 1967; x_wconf 89' lang='lat' dir='ltr'>criminum</span> <span class='ocrx_word' id='word_1_241' title='bbox 410 1928 534 1980; x_wconf 89' lang='lat' dir='ltr'>graviorum</span> <span class='ocrx_word' id='word_1_242' title='bbox 550 1940 600 1965; x_wconf 91' lang='lat' dir='ltr'>reos</span> <span class='ocrx_word' id='word_1_243' title='bbox 617 1939 640 1964; x_wconf 89' lang='lat' dir='ltr'>sc</span> <span class='ocrx_word' id='word_1_244' title='bbox 658 1927 765 1972; x_wconf 84' lang='lat' dir='ltr'>dixerunt,</span> <span class='ocrx_word' id='word_1_245' title='bbox 788 1927 919 1973; x_wconf 86' lang='lat' dir='ltr'>inculcandi,</span> <span class='ocrx_word' id='word_1_246' title='bbox 943 1940 968 1965; x_wconf 92' lang='lat' dir='ltr'>ne</span> 
     </span>
     <span class='ocr_line' id='line_1_31' title="bbox 160 1988 968 2040; baseline -0.002 -12"><span class='ocrx_word' id='word_1_247' title='bbox 160 1990 217 2030; x_wconf 89' lang='lat' dir='ltr'>facta</span> <span class='ocrx_word' id='word_1_248' title='bbox 229 1990 361 2029; x_wconf 89' lang='lat' dir='ltr'>confessione</span> <span class='ocrx_word' id='word_1_249' title='bbox 374 1995 395 2027; x_wconf 89' lang='lat' dir='ltr'>et</span> <span class='ocrx_word' id='word_1_250' title='bbox 407 1990 516 2040; x_wconf 90' lang='lat' dir='ltr'>persoluta</span> <span class='ocrx_word' id='word_1_251' title='bbox 528 1988 675 2026; x_wconf 89' lang='lat' dir='ltr'>satisfactione</span> <span class='ocrx_word' id='word_1_252' title='bbox 693 1989 717 2026; x_wconf 92' lang='lat' dir='ltr'>ab</span> <span class='ocrx_word' id='word_1_253' title='bbox 734 1988 779 2038; x_wconf 91' lang='lat' dir='ltr'>ipso</span> <span class='ocrx_word' id='word_1_254' title='bbox 796 1989 906 2038; x_wconf 89' lang='lat' dir='ltr'>imposita,</span> <span class='ocrx_word' id='word_1_255' title='bbox 924 2001 968 2027; x_wconf 91' lang='lat' dir='ltr'>rem</span> 
     </span>
     <span class='ocr_line' id='line_1_32' title="bbox 161 2050 969 2100; baseline -0.004 -9"><span class='ocrx_word' id='word_1_256' title='bbox 161 2065 241 2091; x_wconf 90' lang='lat' dir='ltr'>omnem</span> <span class='ocrx_word' id='word_1_257' title='bbox 253 2053 372 2091; x_wconf 88' lang='lat' dir='ltr'>confectam</span> <span class='ocrx_word' id='word_1_258' title='bbox 385 2052 523 2096; x_wconf 87' lang='lat' dir='ltr'>arbitrentur,</span> <span class='ocrx_word' id='word_1_259' title='bbox 541 2057 563 2089; x_wconf 90' lang='lat' dir='ltr'>ut</span> <span class='ocrx_word' id='word_1_260' title='bbox 574 2050 644 2100; x_wconf 92' lang='lat' dir='ltr'>potius</span> <span class='ocrx_word' id='word_1_261' title='bbox 656 2063 693 2100; x_wconf 91' lang='lat' dir='ltr'>per</span> <span class='ocrx_word' id='word_1_262' title='bbox 706 2062 786 2089; x_wconf 89' lang='lat' dir='ltr'>onmem</span> <span class='ocrx_word' id='word_1_263' title='bbox 804 2051 867 2089; x_wconf 92' lang='lat' dir='ltr'>vitam</span> <span class='ocrx_word' id='word_1_264' title='bbox 884 2063 969 2090; x_wconf 89' lang='lat' dir='ltr'>sensum</span> 
     </span>
     <span class='ocr_line' id='line_1_33' title="bbox 160 2111 969 2164; baseline -0.002 -11"><span class='ocrx_word' id='word_1_265' title='bbox 160 2115 301 2164; x_wconf 88' lang='lat' dir='ltr'>poenitentiae</span> <span class='ocrx_word' id='word_1_266' title='bbox 311 2111 387 2152; x_wconf 76' lang='lat' dir='ltr'>&#39;fovere</span> <span class='ocrx_word' id='word_1_267' title='bbox 400 2120 421 2151; x_wconf 90' lang='lat' dir='ltr'>et</span> <span class='ocrx_word' id='word_1_268' title='bbox 432 2125 521 2151; x_wconf 89' lang='lat' dir='ltr'>servare</span> <span class='ocrx_word' id='word_1_269' title='bbox 533 2112 637 2151; x_wconf 85' lang='lat' dir='ltr'>studeant.</span> <span class='ocrx_word' id='word_1_270' title='bbox 656 2112 720 2161; x_wconf 80' lang='lat' dir='ltr'>Quem</span> <span class='ocrx_word' id='word_1_271' title='bbox 732 2113 752 2150; x_wconf 94' lang='lat' dir='ltr'>in</span> <span class='ocrx_word' id='word_1_272' title='bbox 765 2113 826 2151; x_wconf 90' lang='lat' dir='ltr'>finem</span> <span class='ocrx_word' id='word_1_273' title='bbox 840 2112 969 2151; x_wconf 86' lang='lat' dir='ltr'>christianae</span> 
     </span>
     <span class='ocr_line' id='line_1_34' title="bbox 162 2174 968 2227; baseline -0.002 -12"><span class='ocrx_word' id='word_1_274' title='bbox 162 2177 271 2227; x_wconf 88' lang='lat' dir='ltr'>suiipsius</span> <span class='ocrx_word' id='word_1_275' title='bbox 284 2175 418 2227; x_wconf 84' lang='lat' dir='ltr'>abnegationi</span> <span class='ocrx_word' id='word_1_276' title='bbox 430 2175 561 2220; x_wconf 83' lang='lat' dir='ltr'>incumbant3</span> <span class='ocrx_word' id='word_1_277' title='bbox 579 2181 677 2225; x_wconf 89' lang='lat' dir='ltr'>quantum</span> <span class='ocrx_word' id='word_1_278' title='bbox 694 2174 741 2212; x_wconf 91' lang='lat' dir='ltr'>fieri</span> <span class='ocrx_word' id='word_1_279' title='bbox 757 2181 837 2225; x_wconf 84' lang='lat' dir='ltr'>potest,</span> <span class='ocrx_word' id='word_1_280' title='bbox 855 2187 867 2212; x_wconf 90' lang='lat' dir='ltr'>a</span> <span class='ocrx_word' id='word_1_281' title='bbox 879 2187 968 2214; x_wconf 82' lang='lat' dir='ltr'>comnio-</span> 
     </span>
     <span class='ocr_line' id='line_1_35' title="bbox 162 2237 968 2288; baseline -0.004 -11"><span class='ocrx_word' id='word_1_282' title='bbox 162 2238 260 2277; x_wconf 89' lang='lat' dir='ltr'>ditatibus</span> <span class='ocrx_word' id='word_1_283' title='bbox 285 2245 306 2276; x_wconf 90' lang='lat' dir='ltr'>et</span> <span class='ocrx_word' id='word_1_284' title='bbox 328 2238 470 2287; x_wconf 82' lang='lat' dir='ltr'>voluptatibus</span> <span class='ocrx_word' id='word_1_285' title='bbox 494 2237 556 2275; x_wconf 90' lang='lat' dir='ltr'>etiam</span> <span class='ocrx_word' id='word_1_286' title='bbox 579 2237 643 2275; x_wconf 88' lang='lat' dir='ltr'>licitis</span> <span class='ocrx_word' id='word_1_287' title='bbox 667 2249 818 2288; x_wconf 88' lang='lat' dir='ltr'>nonnumquam</span> <span class='ocrx_word' id='word_1_288' title='bbox 840 2237 968 2282; x_wconf 84' lang='lat' dir='ltr'>abstineant,</span> 
     </span>
     <span class='ocr_line' id='line_1_36' title="bbox 163 2299 969 2351; baseline -0.002 -13"><span class='ocrx_word' id='word_1_289' title='bbox 163 2306 224 2351; x_wconf 88' lang='lat' dir='ltr'>atque</span> <span class='ocrx_word' id='word_1_290' title='bbox 241 2313 275 2345; x_wconf 91' lang='lat' dir='ltr'>ea,</span> <span class='ocrx_word' id='word_1_291' title='bbox 293 2313 344 2351; x_wconf 93' lang='lat' dir='ltr'>quae</span> <span class='ocrx_word' id='word_1_292' title='bbox 361 2300 382 2337; x_wconf 94' lang='lat' dir='ltr'>in</span> <span class='ocrx_word' id='word_1_293' title='bbox 393 2299 440 2338; x_wconf 91' lang='lat' dir='ltr'>illas</span> <span class='ocrx_word' id='word_1_294' title='bbox 452 2299 613 2349; x_wconf 88' lang='lat' dir='ltr'>impendissent,</span> <span class='ocrx_word' id='word_1_295' title='bbox 629 2299 650 2337; x_wconf 90' lang='lat' dir='ltr'>in</span> <span class='ocrx_word' id='word_1_296' title='bbox 666 2299 809 2348; x_wconf 83' lang='lat' dir='ltr'>eleemosynas</span> <span class='ocrx_word' id='word_1_297' title='bbox 826 2299 859 2337; x_wconf 90' lang='lat' dir='ltr'>vel</span> <span class='ocrx_word' id='word_1_298' title='bbox 873 2300 894 2337; x_wconf 97' lang='lat' dir='ltr'>in</span> <span class='ocrx_word' id='word_1_299' title='bbox 906 2311 969 2349; x_wconf 88' lang='lat' dir='ltr'>opera</span> 
     </span>
     <span class='ocr_line' id='line_1_37' title="bbox 162 2360 970 2410; baseline -0.001 -11"><span class='ocrx_word' id='word_1_300' title='bbox 162 2361 246 2410; x_wconf 90' lang='lat' dir='ltr'>pietatis</span> <span class='ocrx_word' id='word_1_301' title='bbox 264 2374 288 2400; x_wconf 89' lang='lat' dir='ltr'>ac</span> <span class='ocrx_word' id='word_1_302' title='bbox 305 2361 464 2400; x_wconf 89' lang='lat' dir='ltr'>misericordiae</span> <span class='ocrx_word' id='word_1_303' title='bbox 481 2367 620 2406; x_wconf 88' lang='lat' dir='ltr'>convertant;</span> <span class='ocrx_word' id='word_1_304' title='bbox 641 2361 711 2399; x_wconf 90' lang='lat' dir='ltr'>officia</span> <span class='ocrx_word' id='word_1_305' title='bbox 728 2373 780 2407; x_wconf 93' lang='lat' dir='ltr'>sua,</span> <span class='ocrx_word' id='word_1_306' title='bbox 800 2361 851 2399; x_wconf 89' lang='lat' dir='ltr'>licet</span> <span class='ocrx_word' id='word_1_307' title='bbox 867 2360 932 2398; x_wconf 91' lang='lat' dir='ltr'>ardua</span> <span class='ocrx_word' id='word_1_308' title='bbox 949 2366 970 2398; x_wconf 92' lang='lat' dir='ltr'>et</span> 
     </span>
     <span class='ocr_line' id='line_1_38' title="bbox 163 2422 970 2473; baseline -0.001 -14"><span class='ocrx_word' id='word_1_309' title='bbox 163 2422 267 2468; x_wconf 89' lang='lat' dir='ltr'>difficilia,</span> <span class='ocrx_word' id='word_1_310' title='bbox 284 2429 379 2473; x_wconf 89' lang='lat' dir='ltr'>prompte</span> <span class='ocrx_word' id='word_1_311' title='bbox 397 2428 549 2473; x_wconf 82' lang='lat' dir='ltr'>exscquantur;</span> <span class='ocrx_word' id='word_1_312' title='bbox 568 2423 723 2468; x_wconf 89' lang='lat' dir='ltr'>adversitates,</span> <span class='ocrx_word' id='word_1_313' title='bbox 741 2422 868 2471; x_wconf 86' lang='lat' dir='ltr'>praesertim</span> <span class='ocrx_word' id='word_1_314' title='bbox 884 2422 970 2472; x_wconf 89' lang='lat' dir='ltr'>propria</span> 
     </span>
     <span class='ocr_line' id='line_1_39' title="bbox 164 2483 969 2534; baseline 0.001 -14"><span class='ocrx_word' id='word_1_315' title='bbox 164 2485 223 2533; x_wconf 92' lang='lat' dir='ltr'>culpa</span> <span class='ocrx_word' id='word_1_316' title='bbox 235 2490 369 2528; x_wconf 86' lang='lat' dir='ltr'>contractas,</span> <span class='ocrx_word' id='word_1_317' title='bbox 387 2485 454 2523; x_wconf 87' lang='lat' dir='ltr'>animo</span> <span class='ocrx_word' id='word_1_318' title='bbox 471 2484 587 2534; x_wconf 88' lang='lat' dir='ltr'>poenitenti</span> <span class='ocrx_word' id='word_1_319' title='bbox 604 2489 727 2534; x_wconf 84' lang='lat' dir='ltr'>acceptent;</span> <span class='ocrx_word' id='word_1_320' title='bbox 745 2484 827 2529; x_wconf 91' lang='lat' dir='ltr'>sacris,</span> <span class='ocrx_word' id='word_1_321' title='bbox 844 2483 969 2533; x_wconf 85' lang='lat' dir='ltr'>praeprimis</span> 
     </span>
     <span class='ocr_line' id='line_1_40' title="bbox 163 2541 969 2596; baseline 0 -15"><span class='ocrx_word' id='word_1_322' title='bbox 163 2545 242 2583; x_wconf 85' lang='lat' dir='ltr'>Missae</span> <span class='ocrx_word' id='word_1_323' title='bbox 254 2547 369 2591; x_wconf 88' lang='lat' dir='ltr'>sacrificio,</span> <span class='ocrx_word' id='word_1_324' title='bbox 387 2541 510 2596; x_wconf 86' lang='lat' dir='ltr'>frequenter</span> <span class='ocrx_word' id='word_1_325' title='bbox 522 2545 622 2583; x_wconf 92' lang='lat' dir='ltr'>intersint</span> <span class='ocrx_word' id='word_1_326' title='bbox 629 2560 635 2590; x_wconf 87' lang='lat'>;</span> <span class='ocrx_word' id='word_1_327' title='bbox 653 2546 734 2582; x_wconf 92' lang='lat' dir='ltr'>demum</span> <span class='ocrx_word' id='word_1_328' title='bbox 746 2547 771 2584; x_wconf 91' lang='lat' dir='ltr'>ab</span> <span class='ocrx_word' id='word_1_329' title='bbox 782 2543 881 2583; x_wconf 89' lang='lat' dir='ltr'>Ecclesia</span> <span class='ocrx_word' id='word_1_330' title='bbox 893 2543 969 2583; x_wconf 72' lang='lat' dir='ltr'>[nortl-</span> 
     </span>
     <span class='ocr_line' id='line_1_41' title="bbox 161 2604 508 2654; baseline 0 -10"><span class='ocrx_word' id='word_1_331' title='bbox 161 2609 246 2654; x_wconf 68' lang='lat' dir='ltr'>pentius</span> <span class='ocrx_word' id='word_1_332' title='bbox 259 2604 278 2653; x_wconf 76' lang='lat'>³)</span> <span class='ocrx_word' id='word_1_333' title='bbox 289 2607 369 2646; x_wconf 89' lang='lat' dir='ltr'>lucrari</span> <span class='ocrx_word' id='word_1_334' title='bbox 382 2607 508 2645; x_wconf 90' lang='lat' dir='ltr'>annitantur.</span> 
     </span>
    </p>
   </div>
   <div class='ocr_carea' id='block_1_3' title="bbox 160 2688 347 2697">
    <p class='ocr_par' dir='ltr' id='par_1_5' title="bbox 160 2688 347 2697">
     <span class='ocr_line' id='line_1_42' title="bbox 160 2688 347 2697; baseline 0.011 -2"><span class='ocrx_word' id='word_1_335' title='bbox 160 2688 347 2697; x_wconf 44' lang='grc' dir='ltr'>*ἦ</span> 
     </span>
    </p>
   </div>
   <div class='ocr_carea' id='block_1_4' title="bbox 187 2724 971 2967">
    <p class='ocr_par' dir='ltr' id='par_1_6' title="bbox 187 2724 971 2967">
     <span class='ocr_line' id='line_1_43' title="bbox 187 2724 970 2770; baseline 0.005 -12"><span class='ocrx_word' id='word_1_336' title='bbox 187 2728 203 2766; x_wconf 81' lang='lat'>1)</span> <span class='ocrx_word' id='word_1_337' title='bbox 213 2725 234 2758; x_wconf 89' lang='lat' dir='ltr'>S.</span> <span class='ocrx_word' id='word_1_338' title='bbox 246 2724 346 2765; x_wconf 76' lang='lat' dir='ltr'>chrysost.</span> <span class='ocrx_word' id='word_1_339' title='bbox 355 2728 406 2760; x_wconf 79' lang='lat' dir='ltr'>honi.</span> <span class='ocrx_word' id='word_1_340' title='bbox 417 2729 447 2761; x_wconf 61' lang='lat'>43.</span> <span class='ocrx_word' id='word_1_341' title='bbox 458 2729 487 2760; x_wconf 70' lang='lat' dir='ltr'>aa.</span> <span class='ocrx_word' id='word_1_342' title='bbox 497 2728 516 2759; x_wconf 90' lang='lat' dir='ltr'>iu</span> <span class='ocrx_word' id='word_1_343' title='bbox 526 2737 567 2770; x_wconf 88' lang='lat' dir='ltr'>cap.</span> <span class='ocrx_word' id='word_1_344' title='bbox 577 2729 607 2761; x_wconf 78' lang='grc'>28.</span> <span class='ocrx_word' id='word_1_345' title='bbox 617 2728 686 2761; x_wconf 84' lang='lat' dir='ltr'>Matth.</span> <span class='ocrx_word' id='word_1_346' title='bbox 705 2746 729 2751; x_wconf 82' lang='lat'>—</span> <span class='ocrx_word' id='word_1_347' title='bbox 746 2730 762 2767; x_wconf 70' lang='grc'>2)</span> <span class='ocrx_word' id='word_1_348' title='bbox 777 2727 798 2760; x_wconf 88' lang='lat' dir='ltr'>S.</span> <span class='ocrx_word' id='word_1_349' title='bbox 809 2727 877 2762; x_wconf 76' lang='lat' dir='ltr'>&#39;l&#39;ltorn</span> <span class='ocrx_word' id='word_1_350' title='bbox 891 2729 970 2762; x_wconf 87' lang='lat' dir='ltr'>Summa</span> 
     </span>
     <span class='ocr_line' id='line_1_44' title="bbox 211 2773 971 2820; baseline 0.007 -13"><span class='ocrx_word' id='word_1_351' title='bbox 211 2773 296 2815; x_wconf 64' lang='lat' dir='ltr'>euolog,</span> <span class='ocrx_word' id='word_1_352' title='bbox 310 2775 407 2818; x_wconf 86' lang='lat' dir='ltr'>Supplern.</span> <span class='ocrx_word' id='word_1_353' title='bbox 421 2778 454 2810; x_wconf 91' lang='lat' dir='ltr'>lll.</span> <span class='ocrx_word' id='word_1_354' title='bbox 465 2787 482 2820; x_wconf 92' lang='lat' dir='ltr'>q.</span> <span class='ocrx_word' id='word_1_355' title='bbox 495 2777 522 2810; x_wconf 85' lang='lat'>18.</span> <span class='ocrx_word' id='word_1_356' title='bbox 532 2787 549 2810; x_wconf 87' lang='lat' dir='ltr'>a¹</span> <span class='ocrx_word' id='word_1_357' title='bbox 559 2777 577 2810; x_wconf 71' lang='lat' dir='ltr'>li.</span> <span class='ocrx_word' id='word_1_358' title='bbox 595 2795 619 2800; x_wconf 92' lang='lat'>—-</span> <span class='ocrx_word' id='word_1_359' title='bbox 635 2781 651 2819; x_wconf 60' lang='grc' dir='ltr'>ὅ)</span> <span class='ocrx_word' id='word_1_360' title='bbox 666 2776 920 2818; x_wconf 84' lang='lat' dir='ltr'>Historisc-lr-dogmatische</span> <span class='ocrx_word' id='word_1_361' title='bbox 933 2777 971 2811; x_wconf 88' lang='lat' dir='ltr'>und</span> 
     </span>
     <span class='ocr_line' id='line_1_45' title="bbox 209 2822 970 2869; baseline 0.004 -13"><span class='ocrx_word' id='word_1_362' title='bbox 209 2822 321 2866; x_wconf 89' lang='lat' dir='ltr'>practische</span> <span class='ocrx_word' id='word_1_363' title='bbox 331 2824 455 2865; x_wconf 77' lang='lat' dir='ltr'>Abbandlung</span> <span class='ocrx_word' id='word_1_364' title='bbox 465 2825 513 2858; x_wconf 85' lang='lat' dir='ltr'>iiber</span> <span class='ocrx_word' id='word_1_365' title='bbox 523 2826 559 2859; x_wconf 90' lang='lat' dir='ltr'>den</span> <span class='ocrx_word' id='word_1_366' title='bbox 568 2825 645 2868; x_wconf 79' lang='lat' dir='ltr'>Ablass,</span> <span class='ocrx_word' id='word_1_367' title='bbox 660 2836 678 2860; x_wconf 87' lang='lat' dir='ltr'>v.</span> <span class='ocrx_word' id='word_1_368' title='bbox 689 2828 712 2859; x_wconf 87' lang='lat' dir='ltr'>P.</span> <span class='ocrx_word' id='word_1_369' title='bbox 721 2825 859 2868; x_wconf 89' lang='lat' dir='ltr'>Brunqucll,</span> <span class='ocrx_word' id='word_1_370' title='bbox 873 2826 970 2869; x_wconf 78' lang='lat' dir='ltr'>Bamberg</span> 
     </span>
     <span class='ocr_line' id='line_1_46' title="bbox 211 2873 969 2916; baseline 0.001 -10"><span class='ocrx_word' id='word_1_371' title='bbox 211 2874 264 2906; x_wconf 85' lang='lat'>1816.</span> <span class='ocrx_word' id='word_1_372' title='bbox 273 2889 297 2895; x_wconf 80' lang='lat'>—</span> <span class='ocrx_word' id='word_1_373' title='bbox 306 2873 343 2905; x_wconf 88' lang='lat' dir='ltr'>Die</span> <span class='ocrx_word' id='word_1_374' title='bbox 353 2873 473 2908; x_wconf 77' lang='lat' dir='ltr'>katholisehe</span> <span class='ocrx_word' id='word_1_375' title='bbox 483 2875 547 2908; x_wconf 85' lang='lat' dir='ltr'>Lehre</span> <span class='ocrx_word' id='word_1_376' title='bbox 557 2884 602 2907; x_wconf 88' lang='lat' dir='ltr'>vom</span> <span class='ocrx_word' id='word_1_377' title='bbox 611 2874 689 2916; x_wconf 75' lang='lat' dir='ltr'>Ablass,</span> <span class='ocrx_word' id='word_1_378' title='bbox 703 2885 722 2908; x_wconf 82' lang='lat' dir='ltr'>v.</span> <span class='ocrx_word' id='word_1_379' title='bbox 732 2875 755 2907; x_wconf 83' lang='grc' dir='ltr'>Α,</span> <span class='ocrx_word' id='word_1_380' title='bbox 765 2874 844 2916; x_wconf 75' lang='lat' dir='ltr'>aitte,</span> <span class='ocrx_word' id='word_1_381' title='bbox 858 2876 969 2909; x_wconf 80' lang='lat' dir='ltr'>Leitmerltz</span> 
     </span>
     <span class='ocr_line' id='line_1_47' title="bbox 211 2921 732 2967; baseline 0.002 -12"><span class='ocrx_word' id='word_1_382' title='bbox 211 2923 264 2956; x_wconf 81' lang='lat'><strong>1827.</strong></span> <span class='ocrx_word' id='word_1_383' title='bbox 275 2939 299 2946; x_wconf 80' lang='lat'><em>-</em></span> <span class='ocrx_word' id='word_1_384' title='bbox 307 2922 329 2954; x_wconf 85' lang='lat' dir='ltr'>L.</span> <span class='ocrx_word' id='word_1_385' title='bbox 340 2921 465 2957; x_wconf 80' lang='lat' dir='ltr'>Lieberrnann</span> <span class='ocrx_word' id='word_1_386' title='bbox 474 2924 536 2957; x_wconf 81' lang='lat' dir='ltr'>instit.</span> <span class='ocrx_word' id='word_1_387' title='bbox 546 2924 632 2967; x_wconf 77' lang='lat' dir='ltr'>theolog.</span> <span class='ocrx_word' id='word_1_388' title='bbox 643 2926 699 2959; x_wconf 77' lang='lat' dir='ltr'>Tom.</span> <span class='ocrx_word' id='word_1_389' title='bbox 708 2923 732 2956; x_wconf 85' lang='lat' dir='ltr'>V.</span> 
     </span>
    </p>
   </div>
   <div class='ocr_carea' id='block_1_5' title="bbox 0 0 1032 3193">
    <p class='ocr_par' dir='ltr' id='par_1_7' title="bbox 0 0 1032 3193">
     <span class='ocr_line' id='line_1_48' title="bbox 0 0 1032 3193; baseline 0 0"><span class='ocrx_word' id='word_1_390' title='bbox 0 0 1032 3193; x_wconf 95' lang='lat' dir='ltr'> </span> 
     </span>
    </p>
   </div>
  </div>
 </body>
</html>
