2056 3193
143 91 188 135 202

140 207 215 246 honori
233 215 253 247 et
271 207 412 247 aestimationi
430 209 515 254 obesse,
536 221 622 259 euntque
637 208 658 245 in
672 210 813 259 suspicionem
828 209 948 262 graviorum

141 271 271 308 occultorum
284 269 393 307 crithinum
406 269 510 308 adducere
521 271 599 320 possit,
618 269 698 308 omnino
715 270 821 310 vitandum
837 271 900 310 estin
915 282 948 309 sa-

140 332 282 369 tisfactionum
301 331 398 379 operibus
416 333 599 381 praescribendisg
618 343 658 370 non
670 330 724 369 enim
736 331 788 369 alias
801 334 853 372 satis
866 333 948 372 consul·

142 399 183 429 tum
196 393 251 428 feret
263 392 384 429 arctissimo
397 393 537 431 confessionis
550 393 626 443 sigillo.
650 392 686 431 sic
701 392 783 441 juveni,
795 399 818 429 ut
830 400 900 442 certos
912 407 949 444 per·

140 452 288 491 hebdomadam
302 453 345 491 dies
353 453 444 503 jejunet,
463 455 497 493 vin
515 454 638 505 imperabis,
658 454 704 504 qrrin
717 455 740 493 de
753 454 843 492 secretis
856 456 948 494 excessi-

139 515 177 552 bus
190 522 302 564 suspectus
314 515 424 561 habeatnr,
438 529 476 566 quc
489 516 550 553 sinml
563 522 582 552 ct
594 515 666 560 fieret,
678 522 708 560 ut,
721 529 781 566 quam
793 527 868 567 magno
881 518 948 555 animo

140 576 218 626 coepit,
231 577 356 627 pertendere
368 577 516 626 praetritentiam
529 589 569 615 non
582 577 676 615 auderet.
699 577 722 615 ln
739 576 814 616 horum
831 578 899 616 locum
917 578 947 616 in-

135 638 215 690 junges
227 640 257 676 illi
268 640 377 676 nonnullas
391 640 527 677 abstinentias
540 652 564 677 ac
576 639 749 678 ritortificationes
765 643 876 685 internus,
896 652 947 690 quae

139 700 207 738 minus
219 700 330 738 incurrunt
341 701 361 738 in
374 702 445 739 oeulos
458 707 583 739 ceterorum.
609 701 645 740 Sic
658 702 758 747 famulus,
771 701 805 753 qni
817 701 897 740 domino
910 714 947 740 suo

140 763 193 800 clam
205 762 286 800 furatus
300 769 342 809 est,
361 763 418 814 adigi
429 776 466 813 per
479 763 644 802 satisfactionem
663 764 743 813 nequit,
762 771 784 802 ut
801 766 848 814 ipse
866 763 947 802 domino

140 824 230 862 ablatum
242 825 347 862 restituat,
360 824 425 870 Uxor,
438 837 489 875 quae
502 825 625 863 adulterium
638 825 752 871 commisit,
768 826 844 863 marito
856 837 894 863 sno
907 826 947 863 eri·

139 898 185 923 men
197 888 265 935 palam
277 887 348 924 facere
360 889 448 924 tralatione
463 887 574 938 obligatur,
594 894 615 924 et
629 887 718 925 vitricus
731 887 871 935 [Stiefvater]
883 886 947 936 privi-

139 959 202 999 gnam
215 947 356 996 (santuine),
375 960 462 997 qrracum
480 961 524 986 rem
542 947 623 995 habuit,
642 950 687 986 sine
705 949 825 999 sufficienti
845 947 949 986 ulteriore

140 1022 210 1047 eertse
222 1010 281 1047 domo
293 1010 371 1059 pellere
384 1021 512 1059 nequaquam
523 1016 613 1047 tenetur.
629 1010 660 1048 Ab
672 1010 698 1047 iis
710 1011 780 1060 itaque
793 1009 887 1047 omnibus
900 1021 947 1059 ope-

139 1070 197 1108 ribns
210 1071 370 1115 satisfactoriiS,
387 1083 438 1121 quae
450 1072 525 1109 bonaur
536 1071 661 1120 poenitentis
673 1072 749 1109 famam
761 1071 880 1116 laederent,
898 1082 946 1109 eon-

139 1132 243 1187 fessariirs
256 1132 360 1170 abstineat
371 1132 500 1181 imponendis
505 1149 511 1178 3
524 1134 582 1170 salva
593 1139 662 1170 tamen
675 1133 803 1184 obligatione
816 1145 841 1170 eu
852 1133 947 1182 pcccatis

140 1193 257 1230 commissis
269 1206 306 1242 per
317 1193 384 1242 ipsam
392 1194 497 1241 justitiam
510 1194 539 1230 eis
551 1194 690 1239 incumbente,
699 1206 751 1244 quae
764 1193 872 1243 aliquando
885 1193 947 1232 etiam

140 1267 186 1293 cum
197 1255 295 1305 propriae
307 1255 374 1293 famae
388 1255 474 1304 jactura
486 1255 581 1307 urgenda
592 1255 659 1300 venit,
677 1268 696 1293 v.
714 1268 735 1307 g.
750 1254 874 1294 retractatio
891 1255 946 1293 calu·

140 1328 213 1354 rnnrae.

212 1378 255 1416 llec
267 1377 372 1415 adhibebit
383 1378 485 1427 ejusmodi
497 1390 570 1428 opera,
589 1378 662 1427 quihus
681 1377 812 1416 exantlandis
825 1378 866 1415 alia
877 1377 948 1415 officia

138 1441 248 1491 poenitens
266 1439 393 1490 negligeret.
415 1439 438 1476 Id
456 1440 523 1477 locum
543 1438 641 1484 haberet,
659 1439 677 1476 si
694 1451 713 1477 v.
726 1452 747 1490 g.
760 1439 904 1477 confessarius
916 1437 946 1477 fa.-

139 1503 192 1540 mulo
205 1501 348 1552 praeciperet,
366 1506 389 1537 ut
401 1500 473 1538 diebus
485 1513 564 1551 quoque
577 1500 659 1538 feriatis
672 1500 778 1538 sacrificio
790 1500 870 1538 Missae
881 1500 946 1537 inter-

140 1570 206 1609 esset;
224 1563 258 1600 vel
270 1563 414 1610 eleemosynae
427 1574 528 1600 summam
540 1562 666 1612 imponeret,
685 1574 745 1612 quam
765 1561 886 1612 clargiendo
898 1573 946 1610 pce·

139 1625 207 1663 nitens
220 1624 260 1662 sihi
271 1624 356 1674 suisque
368 1624 491 1662 necessaria
503 1623 634 1669 detraheret,
652 1623 686 1661 vel
703 1623 879 1673 interruptionem
898 1634 946 1660 eon,-

139 1686 261 1724 soeiationis
274 1698 319 1724 curn
331 1685 428 1735 personis
441 1685 547 1736 exigeret,
567 1685 689 1735 qrrihuscum
706 1684 816 1734 poenitens
835 1684 947 1722 convivere

139 1748 250 1799 obligatur.

210 1807 311 1851 Proinde,
324 1807 455 1845 rnonentihus
468 1807 491 1845 S,
506 1807 581 1844 Oarolo
594 1813 615 1843 et
626 1806 649 1844 S.
661 1806 776 1844 Francisco
790 1805 885 1852 Salesio‚
898 1817 946 1844 con.-

138 1870 251 1913 fessarius,
270 1869 289 1905 si
304 1868 334 1905 ita
352 1868 445 1917 expediri
462 1867 551 1912 viderit,
569 1867 709 1917 poenitentem
727 1867 881 1917 interrogabit,
899 1878 947 1904 num

137 1931 305 1972 satisfactionem
316 1929 356 1967 sibi
367 1929 481 1978 injunctam
493 1941 598 1980 peragere
610 1928 687 1977 possit,
699 1939 738 1965 nec
750 1939 787 1973 ne,-
799 1927 889 1977 alioquin
902 1939 946 1968 eam

138 1992 225 2030 mutabit
238 1997 273 2028 aut
283 1991 368 2028 minuet.

136 2101 176 2132 Pro
190 2098 276 2141 peccatis
290 2097 384 2137 occultis,
403 2100 468 2129 monet
480 2095 557 2129 Rituale
570 2096 690 2136 Viennense‚
708 2096 830 2139 quantumvis
844 2095 946 2138 gravibus,

160 2147 281 2180 manifestam
291 2146 427 2189 poenitentiam
438 2145 554 2178 confessarii
563 2154 600 2176 non
610 2145 714 2187 imponant.
730 2145 793 2186 Quare
803 2143 833 2177 ubi
845 2153 904 2177 casus
914 2153 946 2176 oc-

161 2200 260 2236 curreret,
274 2195 292 2228 in
302 2204 338 2237 quo
350 2195 418 2227 merito
429 2194 528 2227 videretur
538 2193 649 2235 poenitens,
663 2203 682 2226 v.
696 2202 715 2234 g.
730 2192 754 2225 ob
768 2193 879 2226 scandalum
889 2201 945 2234 repa·

161 2245 250 2285 randum,
266 2244 288 2276 ad
298 2243 435 2286 poenitentiam
449 2242 544 2285 publicam
561 2241 686 2285 obligandus,
700 2245 755 2275 recte
767 2242 871 2275 inferiores
881 2249 947 2273 sacer-

162 2294 217 2326 dotes
228 2297 336 2332 monentur,
350 2296 372 2324 ut
381 2292 500 2334 Episcopum
511 2290 618 2324 consulant.

230 2413 309 2466 llodus
330 2411 513 2466 satisfactionem
532 2409 700 2480 poenitentibus
721 2409 855 2478 imponendi.

211 2537 229 2590 ξ.
249 2534 299 2577 145.
322 2538 368 2575 Non
391 2536 470 2574 sufficit
493 2537 517 2574 ad
540 2536 656 2573 salutarem
674 2534 826 2572 satisfactionis
849 2536 946 2573 effectum

137 2600 301 2651 producendum,
320 2606 343 2637 ut
359 2598 476 2637 satisfactio
493 2597 588 2648 qualitati
600 2597 710 2636 criminum
722 2602 742 2633 et
756 2595 905 2645 poenitentium
916 2595 946 2635 fa-

138 2661 212 2701 cultati
229 2662 256 2697 sit
273 2673 379 2711 congrua,
398 2660 435 2697 sed
453 2659 568 2712 requiritur
585 2658 679 2707 insuper,
704 2664 726 2695 ut
743 2656 847 2707 impositio
867 2669 947 2708 quoque

137 2722 197 2761 modo
210 2722 298 2759 salutari
310 2728 331 2759 et
343 2719 476 2759 convenienti
486 2719 529 2757 fiat.

210 2782 266 2821 Hinc
285 2783 407 2821 statuimus:
428 2778 452 2829 1]
466 2781 625 2820 satisfactionis
644 2792 695 2830 opus
714 2779 858 2818 ceternztaate
876 2786 898 2817 et
916 2778 947 2823 di-

137 2849 216 2885 sttncte
227 2850 356 2895 proponatur
363 2859 369 2890 3
389 2856 428 2882 nec
444 2842 495 2894 vagi
508 2843 542 2880 vel
553 2842 676 2880 fluctuantis
689 2841 736 2891 quid
749 2839 875 2878 confessarii
886 2853 947 2891 prae·

138 2909 217 2959 scripto
230 2905 292 2944 insit:
310 2917 348 2943 nec
360 2905 458 2949 terminis
471 2903 606 2943 scholasticis
618 2902 651 2942 vel
663 2902 724 2942 nimis
737 2902 872 2954 generalibus
884 2914 948 2946 enun-
