2056 3193
138 69 181 112 14ss

136 181 255 216 Necessaria
279 188 311 216 est
324 191 455 223 nonnunquam
476 181 578 216 instructio
591 182 642 216 circa
656 182 758 217 confitendi
771 182 855 216 modum.
873 181 942 215 Iuhoc

162 232 211 265 enim
221 232 330 274 impingitur
340 229 410 272 duplici
418 231 504 264 ratione:
519 234 538 271 a]
551 233 602 265 circa
614 232 700 265 actiones
712 231 763 265 nullo
777 232 834 264 modo
847 230 942 273 peccami-

161 291 229 321 nosas,
239 281 305 324 quales
315 282 361 312 sunt
369 288 388 311 v.
398 289 416 322 g.
426 279 495 324 longas
505 281 597 314 historias
607 280 725 315 confessioni
733 281 847 321 adnectere,
858 279 942 322 agnomi-

162 340 184 364 na
195 330 237 362 data
247 327 363 370 singillatim,
374 328 463 362 distincte
472 330 579 373 explicare
589 333 669 371 peccata
678 340 713 363 sua
726 329 791 363 vorbis
805 338 872 371 parum
884 328 942 361 urba·

161 379 190 410 nis
201 386 296 420 exponere
307 381 345 410 etc.
358 378 412 410 Haec
426 379 546 420 ignorantia,
560 379 611 411 siout
623 378 664 410 siue
680 379 726 411 vitio
740 377 857 411 dissimulari
869 381 942 420 potest,

162 427 204 469 quin
214 429 233 459 ct
242 425 337 459 interdum
348 426 431 468 expedit,
442 428 533 467 (maxime
543 427 658 470 sipersonae
666 427 815 468 suntejusmodi,
825 434 873 468 quae
883 435 942 469 aegre

160 475 236 506 laturae
246 476 394 515 correctionem,
407 479 440 508 aut
450 480 503 509 certe
513 485 580 518 parum
590 485 672 518 capaces
683 476 821 509 emendationis
831 474 942 515 videantur)

159 522 186 554 ita
196 523 213 555 si
223 524 324 557 commode
334 522 376 555 fieri
385 525 454 565 possit,
468 524 518 557 enini
527 525 590 557 studio
600 524 685 557 tollenda
698 528 735 565 est,
749 524 836 567 quamvis
849 523 942 556 indirecte

159 572 232 613 potius,
241 582 296 615 quam
307 573 380 604 directe
390 572 408 604 id
418 573 524 605 laciendum
534 573 560 605 sit
563 584 569 614 3
579 582 598 605 v.
608 583 626 615 g.
636 573 729 606 formulas
740 577 759 606 et
767 573 861 605 historias
871 581 905 615 per
915 571 942 603 di·

160 624 245 654 scretam
254 620 413 662 interruptionem
418 620 554 663 abrumpenda,
564 621 673 664 peccataah
683 622 731 664 ipsis
741 631 809 655 crasse
816 621 893 663 prolata
902 630 942 653 mo·

160 668 235 701 destius
245 669 369 712 proferendo,
380 669 423 701 dum
433 669 456 701 ad
466 670 617 703 emendationem
627 680 662 703 eos
672 671 792 711 adhortatur,
802 673 836 702 aut
842 679 943 702 numerum

160 718 234 759 pcccati
245 718 327 760 quaerit.
337 716 357 758 b)
367 718 436 750 Potest
446 718 503 751 etiam
512 718 580 751 vitium
590 720 608 752 in
618 719 725 752 confitendo
736 729 781 752 esse
792 719 844 752 circa
856 718 942 751 actiones

159 770 241 807 peccato
253 765 356 806 obnoxias,
367 767 424 799 sicuti
433 767 496 800 foret:
506 777 543 799 non
553 769 661 811 exprimere
671 778 771 802 numerum
784 772 804 801 et
816 767 943 799 circumstan-

159 815 196 847 tias
209 816 344 855 necessarias;
363 815 476 857 complicem
489 816 529 849 sine
546 818 665 850 necessitate
678 818 812 858 manifestare3
826 816 848 848 de
862 815 942 848 aliorum

158 873 195 895 non
205 864 319 907 complicum
332 863 418 896 moribus
430 864 521 908 vitiisque
534 865 656 907 gravioribus
670 875 790 899 murmurare
803 868 840 899 etc.
853 865 882 897 Ad
894 864 943 897 hanc

159 912 284 953 ignorantiam
294 912 397 945 tollendam
407 913 539 946 confessarius
548 918 631 955 tenetur,
641 918 698 958 atque
706 915 754 947 adeo
764 913 892 957 poenitentem
903 922 942 944 mo-

158 969 204 993 nere
215 960 278 1001 debet,
287 966 309 994 111
318 970 417 994 numerum
428 965 447 995 et
456 962 533 1005 species
543 966 563 995 et
572 963 728 996 circumstantias
738 967 862 1007 peccatorum
869 962 887 995 in
898 970 942 994 con-

159 1009 276 1043 fessionibus
286 1011 349 1050 addat,
358 1014 380 1042 ut
389 1011 465 1043 omittat
473 1011 554 1044 aliorum
562 1012 609 1044 vitia
617 1013 693 1046 referre
703 1017 740 1046 etc.

344 1107 423 1167 liuoad
438 1109 590 1179 cognitionem
603 1109 639 1162 sui
653 1110 734 1179 ipsius.

212 1206 229 1260 ξ.
249 1205 299 1247 102.
321 1209 414 1246 Eandem
432 1222 478 1248 cum
496 1210 612 1248 officiorum
635 1211 755 1262 cognitione
772 1211 942 1262 praerogativam

135 1275 192 1306 tenet
203 1272 295 1318 cognitio
313 1272 349 1307 arii
360 1272 431 1320 ipsius
438 1299 446 1320 ,
466 1293 496 1298 —
511 1272 637 1310 emendando
652 1273 767 1322 poenitenti
781 1272 908 1324 gravissima
923 1277 943 1309 et

135 1329 242 1367 admodum
255 1331 384 1368 necessaria.
397 1332 449 1368 Nam
461 1333 480 1369 si
491 1333 535 1377 lex,
552 1340 575 1370 ut
592 1334 688 1382 Apostoli
705 1334 781 1371 Jacobi
797 1333 869 1370 verbis
886 1339 941 1376 utar,

134 1391 241 1439 speculum
254 1397 299 1436 est,
317 1391 337 1428 in
350 1403 388 1440 quo
400 1392 480 1430 vultum
492 1393 608 1431 nativitatis
626 1406 675 1431 suae
694 1400 777 1443 oportet
794 1394 942 1432 considerare:

135 1451 182 1500 quid
194 1452 248 1489 aliud
260 1452 358 1501 importat
376 1452 428 1491 haec
444 1454 595 1499 consideratio,
612 1467 672 1504 quam
690 1461 712 1493 ut
726 1455 786 1492 homo
804 1455 895 1504 seipsum
908 1466 941 1492 co·

134 1519 233 1563 gnoscat,
251 1525 329 1551 naevos
342 1520 362 1550 et
373 1514 423 1551 vitia
436 1522 479 1552 5111·
491 1515 595 1565 inquirat,
615 1516 687 1566 sicque
705 1517 802 1554 laborare
821 1515 878 1553 felici
896 1527 942 1554 cum
958 1521 960 1524 '

135 1585 237 1612 successu
249 1575 269 1612 in
287 1575 430 1613 emendatione
445 1577 527 1614 valeat?
545 1577 652 1615 Profunda
663 1578 753 1616 omnium
770 1577 888 1615 officiorum
906 1589 941 1614 no-

135 1640 227 1672 strorum
240 1642 261 1672 et
273 1636 423 1687 obligationum
435 1637 527 1688 cognitio
545 1638 613 1674 inanis
629 1645 671 1683 est,
688 1639 740 1676 etin
758 1651 781 1676 51
797 1644 886 1681 mortua,
902 1637 943 1674 nisi

135 1707 179 1732 eam
192 1696 217 1733 ad
228 1708 266 1734 nos
279 1696 387 1747 speciatim
400 1698 584 1747 applicaverimus,
600 1705 687 1749 actaque
699 1706 773 1738 nostra
785 1706 806 1738 et
818 1698 942 1737 omissiones

135 1769 180 1795 cum
193 1771 218 1795 ea
230 1759 427 1807 comparaverimus.
440 1759 499 1798 Haec
511 1761 629 1810 generatim
641 1768 708 1798 sumta
720 1762 739 1798 si
749 1774 801 1799 vera
813 1767 867 1805 sunt,
880 1773 942 1810 quan·
983 1763 985 1767 ’

134 1823 168 1854 111
180 1819 292 1869 gravitatis
304 1819 356 1858 haec
369 1819 512 1870 suimetipsius
525 1821 617 1873 cognitio
636 1822 677 1859 erit
694 1823 795 1867 omnibus,
812 1833 899 1871 quorum
910 1826 942 1858 ut-

134 1885 181 1929 pote
197 1881 221 1918 ad
239 1881 330 1920 tribunal
349 1883 503 1921 sacramentale
521 1884 678 1933 properantium
693 1890 752 1922 recto
769 1883 828 1922 inodo
845 1883 942 1928 interest,

134 1941 184 1978 vitia
196 1942 298 1991 deponere
315 1943 420 1994 vitamque
439 1944 547 1981 meliorem
561 1944 672 1994 incipere?
689 1945 769 1990 Omnia,
787 1957 839 1995 quae
854 1944 874 1981 in
892 1944 943 1981 vitia

133 2002 226 2053 ipsorum
238 2004 334 2051 influunt,
347 2005 413 2043 omnis
425 2018 498 2051 nexus,
512 2006 546 2056 qui
552 2006 608 2044 inter
620 2007 690 2045 scelus
702 2013 723 2045 et
733 2007 841 2057 proprium
854 2006 942 2044 animum

135 2064 235 2110 obtinuit,
253 2067 336 2115 paucis:
348 2067 416 2104 omnia
428 2080 465 2117 pro
477 2068 630 2117 poenitentibus
642 2069 765 2120 gravissimi
776 2074 825 2107 sunt
838 2068 942 2105 momenti.

212 2126 256 2175 Quo
269 2128 366 2166 severius
378 2129 424 2179 quis
435 2129 456 2166 111
469 2130 629 2167 commissorum
640 2137 776 2179 peccatorum
790 2130 902 2168 historiam
913 2129 943 2166 in-

136 2188 242 2237 quisierit3
256 2201 294 2239 quo
307 2190 390 2228 clarius
398 2191 529 2242 cognoverit,
542 2203 581 2242 qua
592 2191 674 2229 ratione
685 2191 738 2230 haec
750 2192 811 2229 illave
826 2191 944 2228 inordinata

135 2250 204 2298 passio
217 2257 306 2289 mentem
326 2251 456 2302 animumque
473 2253 539 2302 ipsius
558 2253 704 2303 occupaverit,
721 2265 760 2303 quo
776 2252 897 2291 accuratius
913 2252 943 2289 in-

136 2311 276 2362 vestigaverit
293 2325 374 2351 omnem
392 2314 470 2352 aditum
486 2314 594 2364 perversis
616 2315 726 2353 affectibus
743 2315 805 2353 facile
827 2320 943 2364 patentem3

136 2373 217 2420 paucis:
230 2386 271 2425 quo
284 2374 409 2412 distinctior
421 2378 443 2413 et
450 2377 574 2426 perfectior
583 2376 610 2426 fit
620 2379 712 2425 cognitio
723 2379 831 2427 propriae
847 2376 943 2426 insimili-

137 2434 188 2470 tatis
199 2438 221 2472 et
233 2437 369 2485 vitiositatis,
389 2449 413 2474 eo
430 2435 522 2486 felicius
535 2436 639 2475 succedet
654 2437 813 2476 eneendctioais
827 2440 943 2486 nepotiani.

136 2494 158 2530 In
171 2494 201 2532 his
214 2496 308 2534 omnibus
319 2497 429 2546 poenitens
440 2498 522 2549 indiget
532 2499 624 2549 benigna
640 2499 766 2538 confessarii
777 2499 943 2542 manuductione,

137 2555 228 2603 quicum
240 2557 275 2595 illo
288 2558 313 2596 ad
325 2559 391 2608 prima
403 2559 502 2596 vitiorum
513 2559 573 2597 initia
584 2560 666 2606 redeat,
679 2560 797 2611 fontemque
808 2560 896 2609 primum
909 2559 943 2597 ab·

137 2617 264 2674 errationum
285 2620 384 2670 detegat,
404 2626 506 2658 attentum
524 2621 598 2659 reddat
615 2634 661 2659 eum
679 2621 703 2659 ad
722 2623 793 2660 obvias
813 2621 943 2665 occasiones

136 2677 210 2727 quibus
223 2680 346 2730 saepissime
358 2683 496 2719 succumbere
512 2683 576 2728 solet,
595 2683 727 2729 admodum,
746 2683 847 2735 gradum,
866 2683 943 2721 subita-

136 2751 198 2777 neum
209 2741 329 2789 passionum
340 2742 542 2791 praedonrinantium
554 2744 674 2790 transitum,
686 2751 722 2783 aut
732 2745 850 2796 longiorem
862 2757 943 2782 earum-

136 2801 182 2838 dem
193 2801 368 2851 perdurationem.
381 2804 441 2841 Duce
454 2804 585 2843 confessario
597 2805 706 2856 poenitens
717 2807 738 2844 in
750 2806 796 2844 aliis
809 2806 867 2844 modo
875 2806 945 2843 videat

136 2868 157 2900 et
164 2862 247 2911 judicet
257 2865 355 2914 proprios
366 2877 445 2903 naevos
456 2866 477 2904 in
490 2867 544 2904 omni
555 2879 628 2906 eorum
634 2868 761 2919 turpitudine
770 2874 791 2907 ct
801 2867 943 2913 deformitate;
