2017 3193
850 62 892 109 131

87 180 202 220 tudinarius
220 188 318 230 peccator
336 193 373 220 nec
388 196 420 220 nc.
436 184 458 235 y]
476 181 528 229 Quin
542 182 583 220 imo
598 183 719 234 interroget
734 181 758 219 de
773 179 893 230 relapsuum

88 254 158 287 causa,
169 248 239 280 utrum
251 243 372 294 contingant
384 257 394 281 c
406 242 543 293 negligentia,
562 250 662 292 qnatenus
677 244 697 281 in
717 242 838 280 adhibendis
851 254 892 279 me·

88 304 127 342 diis
135 303 284 341 accusessario
297 304 378 343 dictatis
391 314 466 342 socors
479 309 517 346 est,
530 303 562 339 vel
571 304 767 342 exvitentationum
784 303 845 341 solito
857 315 893 339 ve·

87 364 245 410 bententiorum,
264 366 296 403 vel
309 378 334 404 ex
345 379 403 404 mera
414 363 530 414 fragilitate
542 362 644 408 bumanag
660 364 707 403 hine
722 371 829 415 patescet,
846 376 893 402 num

82 426 116 475 sit
126 425 231 463 recidivus
244 428 373 473 censendus,
391 426 424 463 vel
439 424 523 474 proprie
540 424 735 463 consuetudinarius
753 428 893 465 inveteratus.

87 487 152 524 Plura
162 486 201 525 bac
214 487 237 524 de
253 500 276 525 re
291 488 346 526 infra
362 488 419 525 Seet.
431 486 457 522 ll.
471 482 501 536 ἓξ.
516 484 621 522 „Peccata
639 486 748 523 occasione
764 495 812 526 nata
829 486 893 525 conti-

87 547 178 592 tentes’⁷,
190 554 211 585 et
223 549 327 587 „Peccata
339 561 364 586 ex
377 545 526 586 consuetudine
538 551 586 582 nata
599 545 743 583 confitentes.”

164 609 194 646 Ad
206 609 368 660 dignoscendum
381 613 458 644 statum
470 607 569 643 moralem
581 606 714 655 poenitentis
726 613 749 644 ut
761 608 780 644 ei
792 620 836 645 cum
849 610 891 647 fru-

88 675 123 706 ctu
135 669 213 707 mederi
223 672 296 719 possit,
315 667 457 706 [eonfessarius
475 665 527 704 ancli
544 665 632 704 radices
644 668 773 719 fontemque
787 673 892 718 peccato-

87 741 138 768 rum
159 733 181 768 tn
200 731 379 781 pruedomtnuntt
396 727 491 780 putridum
516 727 634 777 cupiditate
656 730 753 778 positum
769 726 891 780 investiget.

87 791 186 830 Actiones
199 793 252 829 enim
265 791 331 829 rnalae
344 801 419 839 eorpus
432 795 489 834 sunt,
509 800 545 825 seu
558 788 657 826 exhibitio
675 789 761 838 alicujus
778 790 894 839 praedomi-

88 853 156 890 nantis
174 854 261 890 affectus
281 851 343 896 mali3
362 856 421 888 certa
431 850 577 898 peccaminosa
594 842 702 888 inclinatio
719 858 786 888 mater
803 858 835 889 est
851 852 894 900 plu-

87 914 140 952 rium
151 920 292 964 peccatorum.
309 912 345 950 Sic
357 911 480 961 pertinacia,
498 911 581 948 rixandi
593 911 673 961 cupide,
686 912 826 951 inobedientia
842 926 895 964 erga

88 976 209 1026 superiores
221 987 261 1013 nou
273 987 322 1012 raro
335 986 361 1012 ex
372 973 537 1024 praedominanti
550 973 662 1022 superbiae
676 975 751 1014 affeetu
763 981 881 1015 naseuntur
888 991 894 1021 ;

88 1038 198 1083 detractio,
207 1036 329 1081 calumniae,
338 1036 413 1081 11111111,
424 1035 478 1074 tiliae
486 1035 790 1084 1111111111111111111111111111ες
806 1037 895 1077 avaritia

88 1100 169 1139 seducit
177 1100 201 1138 ad
209 1100 283 1144 dolum,
296 1098 504 1143 111111111111111111111,
517 1098 564 1148 quin
576 1098 616 1135 imo
625 1099 649 1137 ad
658 1099 808 1149 pejerationem
820 1107 841 1138 et
848 1113 895 1150 per·

84 1162 174 1211 jurium3
187 1161 221 1212 qui
232 1161 276 1199 irae
289 1160 440 1198 vehementiori
447 1159 620 1204 uondcminatnr,
633 1161 732 1210 proclivis
746 1162 809 1200 estin
822 1175 895 1213 oppro-

87 1224 140 1269 bria,
152 1223 269 1268 maledicta,
282 1222 404 1261 calumniam
417 1228 457 1260 etc.
469 1222 632 1271 Intemperantia
644 1230 734 1273 generat
746 1224 811 1270 rixas,
828 1224 895 1263 libidi-

88 1284 422 1335 nes,impudicitias,neglectum
437 1283 554 1321 officiorum
566 1289 606 1321 etc.
621 1284 665 1323 blec
681 1291 749 1323 tamen
761 1286 832 1324 eadem
847 1298 895 1336 pec-

89 1353 143 1392 cata,
156 1358 207 1396 quae
219 1346 277 1384 foras
289 1351 406 1395 erumpunt,
419 1344 501 1382 easdem
513 1344 589 1382 habent
600 1346 693 1391 radiceS,
711 1347 747 1384 sed
763 1360 788 1385 111
805 1347 895 1385 diversis

88 1420 151 1457 saepe
163 1408 273 1446 ali'eetibus
285 1408 369 1444 eaedem
382 1412 442 1444 extra
454 1406 555 1455 prodeunt
567 1406 671 1445 scelerum
682 1408 756 1447 iacies¹
771 1409 895 1448 Inimicitiae

88 1467 576 1517 1111111111,11311111111111111111111111111
591 1467 657 1506 Deum
676 1470 709 1506 vel
726 1470 843 1519 proximum
860 1482 896 1507 nc·

88 1530 165 1580 glectio
177 1530 198 1566 in
209 1529 242 1566 bis
258 1529 378 1579 quandoque
395 1528 491 1565 oriuntur
507 1541 516 1564 e
535 1527 651 1567 dominante
663 1530 774 1579 superbia,
793 1531 813 1568 in
830 1530 896 1568 illise

88 1590 161 1634 livore,
174 1590 194 1626 in
207 1590 253 1627 aliis
267 1603 292 1626 ex
304 1589 399 1632 avaritia,
416 1589 436 1625 iu
448 1589 543 1637 pluribus
556 1600 581 1624 ex
592 1589 655 1628 insito
667 1603 738 1628 rerum
757 1592 897 1641 spiritualium

88 1651 179 1688 fastidio.

162 1711 208 1749 Hoc
225 1712 259 1760 qui
273 1711 356 1748 1111111111
378 1710 443 1755 aierit,
456 1710 502 1747 dum
524 1711 627 1750 infirmum
644 1712 785 1760 poenitentem
800 1719 895 1751 tractare

88 1772 149 1815 velit,
167 1772 187 1808 id
199 1771 348 1815 faeietuntim,
367 1771 419 1820 quod
430 1770 471 1814 illi,
490 1771 524 1819 qui
534 1772 629 1809 morbum
641 1778 726 1823 tegunt,
744 1774 780 1810 sed
796 1786 897 1822 nusquam

89 1839 171 1876 sanant,
183 1832 231 1881 quia
243 1832 290 1869 mali
301 1833 384 1869 radices
397 1838 417 1868 et
428 1831 514 1875 fontem,
526 1838 549 1868 ut
560 1832 682 1869 discernere
695 1834 798 1878 nesciunt,
817 1834 847 1872 ita
858 1846 897 1872 nec

89 1905 198 1937 resecare,
215 1905 253 1931 nec
266 1893 364 1930 obturare
376 1892 452 1929 valent.
470 1891 527 1930 Unde
540 1889 691 1938 confessarius,
709 1894 750 1932 nisi
758 1895 802 1943 jam
815 1907 841 1932 ex
852 1895 898 1945 ipsa

88 1954 214 2004 poenitentis
227 1954 360 1992 accusatione
372 1959 507 2002 peccatorum
519 1953 602 1992 radices
621 1967 659 1993 sua
675 1962 748 2005 sponte
766 1956 898 2007 cognoverit,

89 2022 172 2053 tenetur
184 2028 221 2065 per
233 2015 365 2066 interrogata
376 2014 430 2053 banc
442 2014 482 2051 sibi
498 2026 622 2064 comparare
638 2016 755 2055 scientiam.
773 2019 898 2069 Interroga·

88 2077 119 2115 bit
129 2089 148 2114 v.
161 2090 181 2128 g.
196 2088 233 2115 cur
244 2076 353 2127 poenitens
365 2075 486 2114 bocilludve
498 2082 614 2126 peccatum,
626 2084 675 2128 puta
682 2077 740 2124 furti,
753 2079 898 2124 detractionis,

90 2139 130 2177 cdii
142 2145 181 2178 ete.
195 2138 329 2177 commiserit.
341 2138 405 2177 Dicet
416 2138 470 2176 forte
484 2139 537 2176 alter
554 2139 574 2177 id
592 2152 603 2177 a
615 2152 638 2177 se
651 2140 741 2186 factum,
761 2142 808 2192 quia
825 2142 898 2193 despe-

90 2208 136 2241 ctus
148 2201 193 2247 fuit,
212 2207 232 2238 et
244 2201 301 2238 laesa
314 2200 358 2250 ejus
370 2200 438 2246 fania,
456 2206 476 2237 et
490 2200 508 2238 is
525 2202 628 2251 superbus
651 2209 689 2241 est.
705 2205 775 2249 Alter,
793 2204 840 2255 quia
858 2204 899 2242 sibi

89 2264 168 2302 illatum
181 2269 227 2301 erat
239 2263 343 2307 damnum;
356 2267 377 2298 et
387 2262 406 2299 is
419 2262 521 2299 avaritiae
534 2263 642 2313 fuliginem
653 2265 754 2315 praefert.
771 2266 838 2311 Alter,
852 2265 899 2316 quia

90 2326 201 2364 obturbata
213 2331 246 2362 est
258 2324 315 2374 quies
329 2323 374 2371 ejus
387 2329 447 2372 atquc
459 2324 554 2373 voluptas
561 2338 567 2369 ;
583 2331 603 2362 et
618 2325 636 2362 is
655 2326 722 2364 servit
734 2328 801 2365 111111
812 2327 898 2365 libidini.

90 2390 197 2437 -Atque
209 2386 247 2425 bac
259 2385 348 2437 originis
361 2390 381 2421 et
392 2384 525 2435 propaginis,
544 2393 682 2435 quapeccata
694 2395 822 2434 naseuntur,
841 2402 899 2427 sese-

90 2461 129 2499 que
142 2448 254 2498 excipiunt,
269 2446 343 2484 notitia
355 2458 430 2484 carere
441 2458 482 2483 non
493 2458 556 2495 posse
569 2459 629 2493 11111,
645 2448 679 2500 qui
691 2450 806 2488 salubriter
818 2450 900 2488 muneri

90 2509 203 2549 directoris
216 2514 236 2546 et
247 2508 321 2546 medici
334 2507 450 2556 spiritualis
462 2507 589 2546 satisfacere
601 2510 664 2555 velit,
681 2512 791 2560 explorata
805 2524 841 2549 res
859 2518 898 2549 est.

240 2626 392 2688 quaestiones
407 2626 433 2678 de
447 2626 596 2695 dispositione
609 2631 752 2698 poenitentis.

166 2754 184 2805 ξ.
197 2752 331 2794 9211111111
346 2751 544 2801 supramemoratis
557 2756 713 2803 quaestionibus
726 2757 834 2807 dispositio
853 2770 899 2808 [1111Ε

93 2811 177 2850 nitentis
189 2815 300 2864 dijudicari
310 2813 395 2864 poterit,
407 2813 426 2850 si
437 2812 505 2850 otnnia
517 2813 577 2855 simul
585 2814 675 2866 junctim
690 2818 828 2868 pensitentur.
841 2821 899 2856 Atta-

93 2886 139 2911 men
150 2874 209 2923 plura
222 2876 262 2914 alia
274 2880 386 2925 supersunt
399 2874 542 2923 quaestionum
554 2885 670 2925 ammenta,
682 2892 734 2931 qnae
746 2880 865 2930 specialiter
879 2879 900 2916 in

722 2937 736 2979 9
