2056 3193
144 73 189 116 232

145 196 193 230 ante
212 190 234 231 S.
254 187 420 230 Gorumunionem
439 195 498 228 actus
517 188 649 229 contritionis
669 203 714 232 cum
739 193 845 247 proposito
864 191 947 239 eliciat,

144 253 225 303 hocque
236 259 282 302 post
294 252 462 289 communionem
473 259 570 297 renovet,
590 260 610 290 et
622 252 706 290 Christo
725 256 885 293 confirmandum
898 256 947 292 offe-

146 321 185 350 rat.
203 313 239 348 Sic
258 311 311 346 enim
328 311 449 348 consuletur
463 312 596 348 reverentiae
615 317 635 348 ct
652 312 731 349 fructui
743 313 881 352 Sacrameuti.
899 313 947 351 Uni·

145 370 221 409 vcrsim
233 368 312 406 utiliter
324 369 434 416 suadetur,
454 376 475 408 ut
493 371 578 422 quisque
597 376 681 422 satagat
693 377 773 409 certum
785 380 894 422 peecatum
906 373 947 411 siu·

145 430 213 487 gulari
225 429 293 470 studio
306 442 390 479 cavere,
403 438 464 486 atque
474 431 515 473 hoc
527 432 654 485 propositum
666 430 750 473 Christo
763 441 810 486 post
822 435 844 476 S.
854 436 947 477 Commu·

144 497 226 534 nionenr
237 496 319 534 offerat.

219 554 306 601 Quibus
317 563 338 592 et
349 558 456 606 quomodo
475 557 607 593 contritionis
619 564 678 594 actus
691 558 774 604 saepius
787 559 872 605 repetiti
882 560 948 596 incul-

144 614 204 651 candi
222 615 273 658 sint,
292 615 446 659 confessarius,
466 627 491 651 ex
508 615 635 663 poenitentis
652 615 720 653 indole
732 627 771 651 non
785 615 862 659 minus,
881 630 905 655 ac
924 631 949 655 ex

144 680 278 726 pcccatorum
296 680 370 713 natura
388 674 514 721 dimetietur,
533 676 666 729 cavebitque,
689 688 728 723 ne,
752 675 803 729 quod
822 675 841 715 in
861 677 948 719 salutem

144 739 308 786 commendatur,
325 738 346 777 in
365 738 510 779 detrimentum
529 747 611 792 vergat.
630 740 666 780 Sic
678 754 695 779 e.
708 755 729 794 g.
750 741 868 781 recordatio
887 755 949 794 saepe

145 802 234 850 repetita
246 801 270 838 de
282 802 375 850 peccatis
387 801 538 850 impudicitiae,
550 802 570 838 iu
583 809 680 851 quantum
692 803 744 840 haec
756 809 844 851 peccata
855 803 948 853 singilla-

144 861 180 897 tim
192 859 256 896 menti
266 861 387 907 praesentia
404 860 525 903 redduntur,
543 862 611 908 potius
623 862 707 904 nociva,
727 873 785 909 quam
798 861 889 897 salubris
901 862 947 898 erit.

144 919 200 957 ldem
211 919 267 957 valet
278 925 378 969 respectu
389 919 545 969 poenitentium,
558 920 592 971 qui
604 920 734 960 conscientia
745 920 806 959 anxia
817 921 850 958 vel
862 932 948 971 scrupu-

145 981 199 1030 losa,
212 988 247 1022 aut
258 981 407 1023 melancholico
420 989 584 1035 temperamento
596 984 698 1024 laborant.

438 1103 460 1153 8.
475 1105 544 1155 lctus
558 1100 656 1155 uirtutis.

219 1224 236 1282 ξ.
257 1221 305 1266 160,
328 1226 385 1265 Inter
403 1225 496 1265 remedia
513 1237 563 1265 sane
582 1224 730 1267 efficacissima
748 1228 898 1269 recensendum
917 1234 949 1268 est

146 1291 205 1338 illud,-
225 1304 263 1343 quo
282 1290 426 1331 confessarius
444 1303 552 1330 numerum
571 1291 678 1342 quemdam
691 1299 773 1332 actuum
785 1293 870 1332 virtutis
881 1293 949 1338 illius,

145 1355 247 1392 adversus
256 1366 316 1403 quam
325 1354 433 1403 poenitens
441 1353 525 1402 saepius
534 1353 640 1403 delinquit,
648 1355 786 1403 praescribat.
795 1355 889 1403 Exempli
900 1367 949 1405 gra·

144 1415 184 1457 tia,
197 1413 294 1449 lenitatis
306 1425 360 1461 erga
371 1425 427 1456 eum,
443 1424 530 1460 quocum
542 1413 661 1449 consentire
673 1414 708 1449 vix
720 1420 798 1461 potest:
810 1413 948 1460 btcmilitatis,

145 1473 219 1509 saltem
230 1471 350 1516 interioris,
368 1471 409 1508 nisi
426 1470 539 1508 exterioris
558 1483 605 1508 sese
625 1472 699 1509 offerat
711 1472 840 1510 exercendae
853 1471 949 1509 occasio:

143 1534 263 1590 patientioe
281 1539 302 1574 et
319 1535 475 1587 reciprocationis
492 1532 513 1574 in
531 1533 620 1575 divinam
632 1534 772 1584 voluntatem,
790 1533 868 1589 quando
880 1533 949 1588 poeni-

146 1607 192 1638 tens
204 1605 272 1637 status
284 1598 317 1637 sui
328 1599 430 1638 molestiis
442 1599 551 1649 premitur,
563 1606 599 1637 aut
610 1599 669 1637 malis
680 1600 827 1652 ingruentibus
840 1599 949 1652 affligitur.

145 1662 212 1710 thue
225 1660 333 1697 efficacius
345 1661 381 1697 liat
392 1660 431 1699 hoc
443 1661 567 1703 remedium,
587 1661 730 1698 confessarius
742 1662 773 1697 illi
784 1661 861 1698 addere
873 1661 950 1709 poterit

146 1731 241 1762 examen,
260 1719 345 1755 dicens:
363 1719 458 1768 Singulis
471 1719 542 1755 diebus
555 1725 585 1754 tot
597 1719 704 1762 lenitatis,
723 1720 756 1755 vel
767 1719 898 1756 beciniiitatis
910 1724 949 1754 etc.

146 1786 205 1817 actus
224 1777 307 1824 elicies,
326 1790 414 1830 vespere
433 1784 500 1816 autem
520 1790 605 1816 examen
624 1778 736 1825 institues,
759 1785 826 1817 utrum
844 1779 864 1816 in
883 1779 950 1830 aliquo

145 1842 256 1885 defeceris.

219 1908 303 1944 Illarum
323 1919 372 1946 vero
389 1907 632 1946 virtutum'exercitium
651 1907 809 1956 praeferendum
829 1913 873 1952 est,
899 1918 950 1957 quae

146 1969 214 2006 officio
227 1974 299 2004 nostro
312 1975 333 2004 et
344 1969 413 2005 debito
426 1975 474 2005 sunt
486 1968 648 2011 conformiores,
660 1980 701 2004 nou
712 1980 773 2011 vero,
786 1980 837 2015 quae
850 1967 951 2003 sensuali-

146 2028 184 2063 tati
196 2033 217 2062 et
231 2026 316 2062 affectui
335 2028 416 2073 privato
435 2027 503 2076 magis
515 2026 614 2062 arrident.
633 2026 656 2062 S.
675 2026 751 2061 Paulae
763 2025 865 2073 imprimis
883 2024 950 2072 sapie·

145 2087 187 2133 bat,
200 2086 339 2138 corporalium
351 2086 534 2126 mortificationum
546 2085 655 2138 asperitati
667 2098 714 2125 sese
727 2085 783 2134 dare,
796 2098 835 2139 quo
844 2085 951 2126 dulcedine

146 2159 166 2192 et
178 2151 356 2193 consolationibus
369 2151 686 2206 spiritualibusperfunderetur
691 2168 697 2200 ς
710 2152 746 2192 sed
755 2153 898 2204 superioribus
907 2164 950 2191 eam

147 2216 191 2253 suis
203 2215 287 2253 obedire
300 2227 388 2253 necesse
401 2216 469 2266 magis
482 2222 533 2253 erat.
546 2215 603 2252 Unde
615 2214 692 2253 fatetur
705 2215 727 2252 S.
740 2215 893 2264 Hieronymus,
907 2225 951 2250 earu

147 2277 166 2313 in
178 2275 217 2313 boc
229 2275 415 2324 reprehensibilem
427 2276 502 2320 fuisse,
522 2276 574 2325 quod
587 2283 660 2313 contra
671 2276 798 2313 voluntatem
811 2282 831 2312 et
843 2274 951 2313 consilium

148 2335 244 2381 Episcopi
256 2335 288 2370 sui
299 2336 442 2371 immoderatis
455 2347 503 2370 sese
515 2334 647 2370 abstinentiis
666 2340 774 2369 attereret.
795 2334 891 2380 Apostoli
906 2332 952 2367 vice

147 2405 209 2431 versa
221 2393 245 2431 ad
256 2394 394 2448 Evangeliunr
407 2394 577 2448 praedicandum,
595 2399 615 2432 et
634 2393 746 2433 coelestem
759 2392 866 2433 animabus
879 2403 951 2445 panem

148 2457 305 2510 impertiendum
318 2460 437 2507 constituti,
456 2460 529 2501 merito
545 2467 565 2500 et
580 2461 676 2500 consulto
689 2459 771 2500 minime
783 2459 883 2511 impedire
897 2457 951 2508 judi-

148 2528 232 2566 carnnt‚
249 2531 344 2562 sanctum
356 2524 394 2561 hoc
407 2524 530 2562 exercitium
543 2536 565 2560 se
578 2523 708 2573 relinquere,
721 2536 759 2573 quo
772 2523 882 2566 virtutem,
901 2533 952 2570 quae

148 2582 206 2621 circa
217 2593 327 2630 pauperum
341 2596 412 2622 curam
420 2583 526 2628 ve‘rsatur,
535 2587 592 2631 (esto
601 2583 810 2628 excellentissimam]
820 2587 951 2619 exercerent.

147 2642 285 2688 Unaquaeque
296 2645 389 2687 vocatio,
409 2651 429 2680 et
447 2655 520 2679 nrunus
539 2643 637 2689 specialis
650 2643 736 2688 alicujus
749 2642 832 2677 virtutis
851 2641 952 2676 exercitio

147 2711 199 2751 opus
211 2698 284 2745 habet:
297 2700 349 2740 aliae
361 2702 433 2755 quippe
445 2701 535 2740 virtutes
547 2708 595 2740 suut
608 2701 702 2753 praelati,
715 2700 768 2740 aliae
780 2698 887 2751 principis,
901 2699 952 2738 aliae

147 2763 233 2814 militis,
247 2763 299 2805 aliae
312 2767 404 2808 mulieris
417 2767 541 2822 conjugatae
554 2766 680 2814 autriduae,
700 2774 731 2815 ut,
751 2764 801 2806 licet
812 2779 894 2815 onrues,
907 2764 950 2805 uni·

147 2842 222 2869 versas
241 2829 331 2867 virtutes
349 2831 425 2870 habere
444 2832 542 2877 debeant,
562 2844 600 2869 non
620 2838 687 2869 tamen
707 2842 778 2869 omnes
791 2830 904 2880 aequaliter
917 2821 953 2866 eas

147 2903 261 2936 exercere,
275 2891 312 2928 sed
325 2892 593 2945 quemque'particulariter
605 2892 632 2929 iis
644 2904 667 2929 se
679 2891 853 2944 virtutibusgdare
865 2901 953 2928 necesse
