2017 3193
887 69 931 116 251

124 187 233 247 ingerunt,
246 200 298 242 quae
309 187 349 229 hoc
360 202 435 241 rapere
446 189 480 230 vel
492 191 598 230 maculare
609 190 703 236 valeant,
717 187 770 240 quod
782 188 827 226 Deo
839 183 931 226 immola-

123 269 176 295 mus.
194 253 251 292 Unde
266 251 381 300 Abraham,
400 267 446 293 cum
465 253 490 291 ad
508 266 607 292 occasum
624 254 674 292 solis
691 251 820 291 sacrificium
833 251 932 296 offerret,

123 315 309 356 insistentesaves
322 317 416 365 pertulit,
430 327 481 365 quas
494 315 598 360 studiose,
615 327 640 352 ne
653 316 743 353 oblatum
756 312 885 352 sacrificium
897 312 932 349 ra'-

122 382 207 429 pereni,
220 377 298 429 abegit.
317 377 353 417 Sic
364 391 410 423 nos,
423 375 501 416 suntin
515 372 552 413 ara
564 376 633 413 cordis
644 376 789 414 holocaustum
801 377 848 413 Deo
861 374 931 412 offeri·

123 451 179 484 mus,
192 439 217 476 ab
228 438 337 477 immundis
350 440 389 477 boc
401 437 524 476 volucribus
537 436 686 481 custodiamus,
697 449 723 473 ne
734 437 823 489 maligni
835 436 932 486 spiritus,

123 506 144 538 et
154 511 269 549 perversae
281 501 420 552 cogitationes
431 499 525 548 rapiant,
543 498 596 547 quod
609 506 667 534 mens
678 504 751 534 nostra
763 500 840 536 offerre
853 510 876 535 se
888 499 931 535 Do·

122 560 177 598 mino
195 560 274 598 utiliter
292 559 412 611 sperat”¹].
435 581 466 587 —
488 558 663 606 Quemadmodum
682 558 829 595 distractiones
847 559 931 596 minime

123 633 187 660 causa
199 634 246 659 esse
257 628 355 671 possunt,
368 619 477 671 quominus
490 618 580 656 orationi
591 630 698 662 vacemuS,
710 618 740 655 ita
750 618 831 667 pariter
842 632 882 657 non
895 631 930 657 ex·

123 688 197 721 cusant
208 683 232 720 ab
245 682 347 721 exercitio
360 679 501 718 meditationis
507 694 512 724 ;
525 680 561 717 sed
573 679 671 729 utrinque
683 678 781 716 remediis
794 679 890 717 utendum
899 686 932 717 est

122 750 196 782 contra
206 743 324 792 hujusmodi
336 742 411 779 mentis
424 741 571 791 evagationes.
584 740 637 791 Sic,
656 741 690 789 qui
706 739 879 778 distractionibus
896 741 930 778 ob·

122 805 178 843 noxii
190 811 247 849 sunt,
266 802 390 841 adminiculo
402 802 452 839 libri
464 802 579 851 spiritualis
591 807 685 845 utantur,
698 813 724 838 ex
735 813 785 851 quo,
800 800 859 850 prius
872 812 931 851 quam

123 877 146 903 se
164 864 293 904 meditationi
311 863 369 907 dent,
388 863 461 913 legant
478 863 587 900 materiam
604 863 641 900 fini
657 862 798 900 meditationis
816 874 932 900 accommo-

125 927 181 972 dam;
199 926 231 963 vel
244 925 262 962 si
273 925 347 975 legere
360 924 464 969 nesciant,
484 923 569 961 suaderi
580 929 660 972 potest,
677 929 700 960 ut
712 929 759 960 ante
773 922 883 968 [ir-ucifixi,
898 923 933 960 vel

125 987 185 1025 aliam
203 987 256 1036 piam
273 985 387 1035 imaginem
405 997 453 1022 sese
469 985 490 1021 in
502 985 597 1022 oratione
610 985 722 1029 collocent,
742 990 763 1021 et
780 984 804 1021 ad
822 983 932 1034 longiores

124 1047 272 1086 distractiones
292 1046 400 1084 evitandas
418 1046 512 1083 obtutum
534 1046 641 1084 oculorum
664 1045 689 1083 ad
712 1045 800 1083 eandem*
819 1044 932 1096 imaginent

122 1107 234 1146 identidem
247 1113 371 1145 convertant
375 1121 381 1152 3
398 1107 431 1144 vel
443 1107 474 1144 uti
484 1113 573 1155 possunt
585 1106 709 1145 adminiculo
726 1105 827 1143 orationis
839 1107 932 1152 vocalis:

122 1181 142 1206 v.
161 1181 182 1220 g.
200 1167 309 1206 recitando
328 1168 445 1206 orationem
463 1167 601 1213 dominicam,
625 1174 645 1204 et
663 1164 802 1218 ad'singulas
820 1166 931 1216 petitiones

123 1229 231 1267 attentiori
254 1229 422 1268 consideratione
438 1228 539 1282 nonnihil
565 1227 712 1273 subsistendo,·
732 1227 765 1265 vel
788 1227 851 1266 simili
872 1228 931 1266 modo

122 1291 229 1329 recitando
245 1291 347 1340 psalmum
352 1306 357 1336 ;
371 1291 489 1330 „Miserere
501 1290 554 1327 mei”
568 1296 588 1327 et
596 1290 620 1327 ad
632 1289 728 1340 singulos
739 1289 858 1327 versiculos
870 1289 931 1327 brevi

122 1351 191 1402 aliqua
202 1351 370 1394 consideratione
382 1351 485 1401 tantisper
497 1351 636 1395 immorando,
654 1350 719 1388 donec
734 1350 780 1399 pius
793 1350 867 1400 aliquis
880 1351 930 1388 asfe-

123 1418 170 1450 ctus
181 1412 228 1450 inde
241 1418 344 1463 exsurgat
355 1413 375 1449 in
388 1413 462 1462 animo.

196 1472 267 1521 Quoad
280 1485 316 1510 eos
328 1466 407 1518 autem,
420 1473 454 1522 qui
466 1472 491 1510 ad
503 1472 653 1522 perfectionem
666 1470 804 1510 christianam
817 1472 873 1509 serio
886 1471 930 1521 qui·

122 1533 167 1571 dem
180 1533 287 1578 anhelant,
306 1540 397 1572 attamen
408 1534 442 1571 vel
454 1534 479 1572 ob
490 1533 572 1584 ingenii
583 1533 724 1578 debilitatem,
741 1533 775 1570 vel
787 1545 813 1570 ex
823 1533 932 1581 praesenti

121 1606 159 1632 sua
171 1594 307 1644 dispositione
319 1595 408 1643 prors'irs
419 1595 484 1644 inepti
496 1600 551 1640 sunt,
563 1595 641 1632 lumina
653 1600 674 1631 et
686 1593 780 1639 ardores,
793 1593 867 1644 quibus
879 1593 931 1631 indi-

121 1661 182 1706 gent,
196 1667 234 1704 per
247 1655 287 1693 alia
299 1655 366 1693 media
378 1656 509 1705 aliquatenus
522 1655 614 1705 suppleri
626 1661 724 1704 possunt,
741 1667 814 1704 nempe
826 1666 865 1704 per
876 1655 931 1704 piam

120 1714 242 1761 lectionem,
256 1728 294 1766 per
306 1722 406 1769 attentam
419 1716 591 1754 auscultationem
603 1716 664 1753 verbi
676 1715 750 1761 divini,
769 1716 871 1765 repetitas
883 1727 930 1766 pre·

122 1787 158 1815 ces
170 1782 191 1814 et
203 1776 304 1826 suspiria,
315 1789 353 1827 per
365 1777 496 1828 frequentem
508 1777 624 1815 orationem
634 1777 730 1815 vocalem
742 1782 782 1815 eto.

361 1895 397 1949 ll.
417 1896 532 1949 brercltia
552 1895 689 1965 spiritualia.

194 2018 212 2071 ξ.
226 2016 276 2058 172.
294 2022 325 2059 Ad
342 2021 421 2060 calcem
435 2021 496 2070 hujus
514 2021 598 2060 articuli
610 2021 634 2059 de
645 2012 713 2059 variis
725 2021 842 2060 devotionis
855 2028 876 2059 et
886 2022 929 2072 pie-

119 2080 168 2117 tatis
180 2082 295 2130 generibus
307 2094 346 2119 non
362 2094 474 2131 possumus
485 2082 545 2119 nobis
561 2088 697 2131 temperare„
710 2083 757 2131 quin
774 2082 797 2120 de
811 2085 930 2121 exerentis

119 2140 274 2190 spiritualibus
289 2142 383 2179 breviter
401 2143 470 2191 aliqua
486 2155 617 2188 moneamus;
636 2142 709 2192 quippe
727 2155 779 2193 quae
791 2155 831 2180 non
848 2149 929 2180 tantum

119 2213 158 2239 eeu
169 2206 305 2249 peccatorum
316 2202 431 2240 remedium
443 2204 463 2240 in
476 2203 597 2251 quibusdam
610 2204 684 2240 saltem
696 2203 849 2251 poenitentibus
864 2203 928 2252 pluri·

119 2275 174 2300 mum
185 2263 255 2299 valent
267 2262 291 2299 ad
304 2263 463 2301 conversionem
476 2263 568 2301 feliciter
581 2264 738 2312 auspicandum,
757 2264 794 2301 sed
812 2252 874 2301 etiam
891 2276 930 2302 ceu

118 2322 205 2360 virtutis
217 2322 342 2367 subsidium,
360 2330 383 2360 ut
401 2324 482 2374 gratia,
501 2336 553 2373 quae
572 2324 647 2361 diffusa
663 2324 726 2361 estin
739 2325 837 2362 cordibus
849 2325 929 2363 nostris

118 2396 156 2433 per
168 2383 270 2432 Spiritum
282 2390 388 2429 sanctum,
406 2385 468 2422 statis
486 2384 614 2433 temporibus
632 2384 780 2422 resuscitetur.
806 2384 857 2433 Quis
876 2386 929 2423 enim

117 2444 199 2483 inficias
211 2444 250 2482 ibit
261 2444 411 2483 exercitiorum
423 2445 563 2494 spiritualium
575 2444 696 2490 utilitatem,
715 2445 762 2483 dum
781 2446 826 2496 quis
839 2447 929 2484 seclusis

117 2504 179 2552 hujus
191 2506 292 2554 temporis
304 2506 371 2544 turbis
385 2513 446 2556 atque
458 2506 560 2557 negotiis,
576 2506 680 2543 veritates
700 2512 798 2545 aeternas
818 2507 872 2545 omni
890 2520 930 2557 qua

117 2571 188 2613 potest
199 2566 314 2604 attentione
326 2567 449 2621 meditetur,
468 2567 570 2606 interiora
583 2567 678 2604 exactius
690 2567 801 2613 discutiat,
818 2568 875 2605 vitae
886 2581 929 2605 me-

120 2624 180 2662 lioris
192 2627 301 2675 proposita
313 2628 426 2676 concipiat,
439 2627 524 2675 valjam
536 2634 638 2677 concepta
648 2634 767 2673 restauret,
786 2641 851 2678 eaque
863 2628 928 2667 conti-

116 2685 186 2721 nuatis
201 2687 300 2734 precibus
316 2694 337 2725 et
353 2688 428 2726 devota
447 2689 633 2727 §aeramentorum
650 2689 784 2737 susceptione
799 2690 890 2734 sanciat,
907 2694 928 2725 et

102 2780 104 2783 .
118 2744 177 2792 quasi
193 2746 307 2797 obsignare
323 2752 422 2800 satagat?
439 2749 499 2789 Haec
512 2755 544 2788 est
561 2749 629 2788 forma
640 2749 704 2789 studii
715 2749 842 2799 spiritualis,
860 2756 883 2788 ut
894 2761 926 2786 sa·

117 2831 301 2844 -Ἧι

141 2874 270 2916 ultionum.
282 2881 311 2914 16.
322 2857 348 2914 os
351 2883 380 2916 19.
