2017 3193
851 105 879 149 57

84 235 170 275 (potione
181 239 218 278 por
229 224 346 264 Ecclesiam
360 219 474 271 supplenda
489 221 571 265 conlisi,
586 219 753 271 sapientissimos
768 219 880 257 Ecclesiae

85 303 172 336 canones
183 289 216 327 vel
226 286 302 325 leviter
313 285 347 322 vel
359 295 385 321 ox
396 279 491 328 turpibus
503 281 586 319 motivis
597 283 681 321 violant.

330 396 500 453 iurisdictionis
514 398 634 450 restrictio.

159 528 176 582 [j.
189 525 225 569 40.
243 526 267 566 Si
278 531 364 577 praeter
376 518 475 557 Ordinem
486 519 601 569 requiritur
612 519 743 568 Jurisdictio,
755 523 807 562 haec
820 521 882 560 debet

85 607 96 633 a
108 591 256 642 Superioribus
269 588 293 626 ad
304 583 417 625 inferiores
429 580 567 627 descendere,
586 594 637 632 ergo
650 581 674 619 ab
689 582 730 619 illis
745 584 831 622 limitari
845 595 881 633 po-

83 662 131 696 test.
145 652 184 704 Qui
194 657 263 705 potest
275 661 315 688 non
327 642 454 690 concedere,
469 649 538 694 potest
550 644 612 683 etiam
624 642 739 683 concedere
752 657 796 684 cum
807 645 882 684 limita·

84 720 139 759 tione
150 717 182 755 vel
194 712 333 755 restrictione.
347 706 444 746 Christus
457 706 518 746 etiam
529 707 673 746 ministrorum
685 706 768 745 ordines
786 708 882 755 instituit,

84 789 157 820 utnon
169 776 272 818 distinctio
284 779 372 816 tantum,
384 770 421 809 scd
433 770 495 808 etiam
507 769 608 819 subjectio
620 770 723 822 graduum
735 777 799 815 esset,
819 777 839 808 et
852 771 883 808 in·

84 843 174 881 seriores
186 843 256 878 essent
267 832 396 872 subordinati
407 833 506 882 potestati
517 833 655 882 superiorum.
679 832 729 870 Cum
741 832 810 883 itaque
819 832 883 880 juris-

85 904 146 943 dictio
159 902 183 940 ad
196 896 343 938 ahsolutionem
354 893 422 932 valide
433 893 589 943 impendendam
600 893 722 932 necessario
735 893 848 932 descendat
860 904 885 931 cx

84 971 144 1015 parte
160 958 272 999 terminia
291 955 406 1006 Superiore
429 954 453 992 ad
473 955 596 1001 inferiores,
614 967 665 1006 ergo
682 955 808 1004 Superiores
823 954 885 992 etiam

85 1026 137 1063 hanc
152 1018 305 1070 jurisdictionis
326 1022 451 1067 potestatem
466 1016 599 1068 restringere
617 1022 710 1066 possunt.
728 1016 783 1054 Hinc
798 1016 845 1065 quia
860 1027 886 1053 ex

85 1087 172 1127 illorum,
188 1091 238 1130 quos
251 1078 344 1128 Spiritus
362 1083 447 1115 sanctus
459 1077 528 1126 posuit
542 1078 658 1127 Episcopos
673 1089 751 1128 regere
767 1077 886 1115 Ecclesiam

84 1145 138 1188 Dei,
152 1140 230 1190 judicio
247 1146 268 1177 et
285 1138 414 1178 conscientia
428 1138 517 1187 pendet,
540 1151 591 1189 quos
606 1138 626 1176 in
641 1145 722 1188 partem
740 1138 886 1176 sollicitudinis

84 1201 194 1254 pastoralis
205 1212 282 1238 vocare
294 1200 368 1244 velint3
380 1200 473 1249 ipsorum
486 1212 565 1250 quoque
574 1200 661 1238 arbitrio
669 1199 802 1249 relinquitur,
815 1206 885 1249 quate-

84 1276 122 1301 nus
130 1261 256 1310 jurisdictio,
269 1273 329 1310 quam
341 1260 469 1305 concedunt,
484 1273 521 1309 pro
533 1267 649 1310 temporum
660 1260 805 1310 rationumque
817 1261 885 1297 varic-

84 1329 126 1360 tate
137 1322 171 1357 vel
183 1321 297 1369 amplianda
307 1321 341 1357 vel
352 1321 501 1370 restringenda
513 1321 615 1358 videatur.
632 1321 716 1357 Revera
733 1319 785 1357 haec
799 1320 887 1368 jurisdi-

85 1383 125 1420 ctio
137 1380 275 1418 diversimode
286 1380 390 1430 restringi
405 1381 514 1418 consuevit
529 1381 562 1417 vel
574 1381 605 1418 ad
618 1383 702 1417 certum
713 1378 797 1429 locem,
813 1380 847 1416 vcl
859 1379 890 1417 od

85 1442 195 1493 delinitum
212 1444 297 1492 tempus
304 1469 312 1491 7
326 1440 365 1478 -vel
382 1440 413 1478 od
428 1444 502 1479 certos
520 1444 605 1479 tantem
617 1452 740 1491 personas,
756 1440 791 1478 vel
805 1440 887 1478 demum

85 1502 159 1555 quood
168 1506 229 1540 cerro
237 1495 330 1552 peecata
340 1502 449 1552 ipsumque
461 1503 596 1540 absolutionis
608 1503 696 1540 modum.
713 1502 794 1540 Verum
804 1509 828 1539 ut
839 1515 887 1540 con·

85 1563 186 1603 fossarius
198 1571 243 1603 tuta
249 1564 332 1604 incedat
342 1564 386 1611 via,
398 1564 432 1603 uhi
444 1564 600 1604 deveritatibus
613 1564 799 1604 adeoncccssariis
808 1564 887 1617 agitur.

84 1628 141 1678 juvat
151 1640 197 1666 rem
208 1628 294 1667 uberius
307 1640 417 1678 exponere.

266 1764 439 1804 Restrictio
463 1764 706 1814 jurisdictionis.

326 1877 350 1923 a)
362 1877 443 1915 ratione
455 1877 496 1915 loci
508 1882 529 1914 et
539 1877 646 1927 temporis.

158 1994 175 2048 ξ,
194 1993 230 2035 41.
247 1997 372 2036 Jurisdictio
387 2004 467 2037 tantum
481 2000 538 2038 valet
554 1999 579 2038 ad
594 2001 674 2046 locum,
697 2011 734 2049 pro
755 2012 808 2050 quo,
828 2005 849 2037 et
867 1999 891 2037 ad

85 2057 184 2106 temporis
196 2058 292 2107 spatium,
303 2059 324 2096 in
337 2059 390 2108 quod
402 2061 449 2098 deta
462 2066 500 2098 est.
517 2060 572 2099 Hinc
583 2061 640 2099 nulla
658 2068 691 2099 est
707 2060 822 2105 absolutio,
840 2073 892 2110 quae

84 2128 124 2154 non
141 2118 199 2165 prius
218 2120 302 2156 obtenta
315 2119 464 2167 jurisdictione
482 2121 614 2169 impertitur,
631 2124 656 2168 a]
671 2123 692 2159 in
709 2122 777 2159 aliena
792 2121 891 2165 dioecesi,

85 2177 118 2213 vel
128 2173 153 2224 β]
166 2178 235 2225 elapso
248 2184 352 2227 tempore,
366 2181 391 2217 ad
404 2181 455 2229 quod
463 2180 719 2229 jurisdictionispotestas
730 2181 833 2218 restricta
844 2181 889 2219 fuit.

86 2235 223 2282 Quamobrem
241 2239 341 2276 sacerdos
356 2252 394 2288 pro
412 2240 570 2278 Archidioecesi
584 2241 701 2278 Viennensi
716 2247 795 2278 tantum
806 2241 893 2287 jurisdi-

86 2295 153 2333 ctione
166 2295 342 2342 donatuS‚.extra
357 2299 449 2347 ejusdem
462 2300 584 2337 dioeceseos
596 2301 673 2338 limites
686 2300 753 2337 valide
766 2300 892 2338 Sacramen-

85 2361 128 2394 tum
149 2356 293 2397 Poenitcntiae
322 2359 469 2399 administrare
498 2362 575 2411 nequit.
605 2360 643 2410 Qui
672 2374 723 2400 vero
745 2361 893 2411 jurisdictione

86 2417 201 2456 instructus
214 2419 239 2458 ad
254 2426 335 2460 eertum
348 2421 469 2462 dioeceseos
485 2422 553 2462 locum
570 2422 693 2475 designatus
710 2429 752 2471 est,
767 2423 830 2474 juxta
846 2436 893 2463 con·

87 2480 215 2520 suetudinem
227 2494 251 2521 ac
262 2484 337 2534 praxin
348 2498 386 2536 pro
404 2492 449 2525 tota
460 2486 553 2526 dioecesi
564 2486 748 2537 jurisdictionatus
764 2487 847 2533 existit,
865 2487 895 2527 ita

86 2549 109 2580 ut
121 2543 183 2582 ctiam
200 2545 221 2583 in
236 2545 303 2585 aliena
320 2548 377 2587 intra
392 2549 470 2588 limites
486 2550 589 2589 dioecesis
605 2550 646 2588 sita
661 2549 762 2600 parochia
775 2550 856 2596 valide,
874 2556 895 2589 ct

88 2617 133 2642 cum
144 2607 230 2655 parochi
241 2608 339 2654 licentia,
357 2611 415 2649 licite
431 2612 581 2650 absolutionem
595 2612 693 2651 conferre
712 2619 780 2662 queat.
794 2625 833 2640 ‘-
856 2612 895 2661 Qui

86 2664 186 2706 beneficio
199 2675 271 2707 curato
290 2678 384 2720 praeest,
401 2672 478 2711 amisso
493 2673 538 2719 illo,
556 2674 619 2712 etiam
630 2673 779 2722 jurisdictione
799 2674 894 2712 destitui·

87 2730 128 2772 tur,
139 2727 186 2767 binc
197 2742 251 2768 nova
263 2744 314 2782 opus
326 2731 394 2771 habet.
408 2733 586 2783 Cooperatoribus
600 2741 710 2786 antequam
719 2742 820 2774 statutum
828 2735 894 2785 juris·

89 2785 182 2828 dictionis
194 2797 275 2841 tempus
288 2793 392 2832 evolutum
404 2801 443 2840 est,
457 2796 481 2833 dc
493 2808 545 2834 novo
560 2797 653 2846 ejusdem
668 2798 792 2848 prorogatio
806 2796 894 2847 petenda

89 2853 130 2892 cst;
145 2848 263 2896 jurisdictio
279 2854 332 2892 enim
349 2855 426 2893 durare
443 2857 514 2906 nequit
529 2858 586 2895 ultra
604 2864 685 2908 tempus
703 2858 856 2908 praescriptum
869 2856 894 2895 ab

89 2917 125 2951 ⁴²10,
145 2921 155 2945 a
175 2913 233 2959 cujus
251 2914 357 2952 voluntate
375 2917 457 2964 pendet.
477 2917 574 2955 Ceterum
595 2931 634 2955 uon
658 2919 760 2957 amittitur
771 2917 893 2965 jurisdictio
