2056 3193
150 98 195 140 274

150 211 263 256 excitabit,
280 217 303 247 ut
316 211 362 260 ipse
378 211 462 250 fortiter
474 217 495 248 et
509 211 560 248 velit
572 215 593 247 et
605 209 718 250 obnitatur.
741 210 814 250 Potius
831 210 884 248 mori
896 221 956 260 quam

149 273 248 322 peccare!
266 272 365 310 Ceterum
376 272 397 310 in
409 271 516 322 praesenti
528 283 592 309 causa
603 270 771 321 distinguendum
783 279 816 310 est
825 272 880 309 inter
893 271 955 309 confi·

149 339 231 379 tentes,
249 333 283 382 qui
294 333 367 381 paucis
383 339 461 371 tantum
474 332 565 376 vicibus,
583 338 604 369 et
621 332 668 382 quin
680 333 762 381 peccati
782 333 909 383 gravitatem
921 344 956 369 no·

148 394 203 438 rint,
220 404 268 430 sese
280 394 387 442 polluere,
405 400 425 430 et
443 393 568 437 interillos,
586 392 620 442 qui
631 392 719 430 nefanda
730 392 790 441 hujus
803 394 896 430 criminis
909 404 956 430 eon·

150 453 259 490 suetudine
274 453 399 491 detinentur.
421 453 466 490 Hos
479 453 559 503 diriges
574 453 688 490 secundnm
703 454 796 503 regulas,
809 465 860 502 quae
872 454 896 491 de
909 464 956 490 con-

150 513 300 551 suetudinariis
318 513 373 550 inira
387 519 493 550 notantur.
515 513 585 549 Labor
603 524 653 549 sane
672 512 776 558 difficilis,
794 525 866 550 verum
884 513 957 561 plenus

148 573 283 619 meritorum,
296 585 334 622 quo
348 573 428 611 animae
440 572 545 623 praetioso
558 571 638 609 christi
650 573 752 623 sanguine
764 571 869 611 redemtae
882 572 957 610 diaboli

149 634 244 673 faucibus
257 634 384 683 eripiuntur,
397 640 418 672 et
430 633 513 672 Christo
527 633 635 671 Salvatori
646 633 793 672 restituuntur.

148 705 169 739 Si
179 705 280 749 poenitens
290 705 313 739 de
323 706 429 750 pollutione
438 709 533 739 nocturna
546 714 568 739 55
582 709 663 739 accuset
675 704 693 737 in
709 714 778 738 somno
798 709 852 746 orta,
870 708 956 748 petatur,

127 763 132 766 ·’
173 759 237 789 utrntn
247 755 299 790 illam
309 756 327 789 in
337 764 358 789 se
374 755 488 798 intenderit,
503 759 535 789 aut
545 764 623 790 causant
633 765 668 799 per
681 764 703 789 se
714 753 812 789 efficacem
823 758 842 789 et
851 754 958 799 proximam

173 805 257 849 dederit,
272 806 388 851 praevidens
398 805 448 839 illam
458 809 579 848 secuturam,
594 815 617 839 an
626 806 644 839 in
653 805 704 839 illam
715 805 808 849 evigilans
822 802 957 840 consenserit?

175 856 196 889 Si
205 866 263 890 unum
277 858 344 890 horum
354 856 438 898 factum,
452 866 498 890 rens
515 860 546 889 est
558 855 644 900 peccati,
658 855 757 900 siminus,
772 855 828 900 culpa
843 859 910 896 vacat,
923 864 958 889 nec

173 906 248 949 patiens
257 910 363 949 propterea
371 906 499 939 inordinatam
509 905 607 939 tristitiam
618 906 707 939 admittat
711 917 717 948 ,-
728 910 759 939 est
768 906 816 939 enim
826 904 904 939 1111551111
915 914 958 937 cor-

173 959 241 997 ruptae
251 960 337 988 naturae.

387 1061 470 1116 Contra
484 1062 557 1115 odium
572 1067 594 1114 et
607 1062 720 1115 invidiam.

228 1183 311 1238 §168
332 1186 371 1235 Qui
383 1187 429 1225 odio
441 1188 461 1224 in
477 1187 594 1237 proximum
613 1187 690 1225 adfecti
702 1193 759 1231 sunt,
774 1184 798 1234 1]
819 1187 958 1225 salubritera

149 1248 280 1287 confessario
296 1260 333 1297 pro
352 1248 497 1286 satisfactione
509 1248 628 1285 medicinali
635 1248 748 1296 jubentur,
770 1254 793 1285 ut
804 1249 861 1286 seria
873 1249 958 1286 medita·

118 1309 127 1315 “
148 1310 204 1347 tione
229 1309 373 1354 considerent,
397 1315 417 1346 et
438 1309 551 1347 memoriae
573 1308 716 1347 commendent
743 1310 859 1347 sententias
884 1322 959 1348 sacrae

149 1370 284 1420 Scripturae,
303 1370 377 1420 quibus
389 1371 464 1408 tamin
476 1370 557 1416 veteri,
573 1382 633 1420 quam
651 1371 672 1407 in
684 1382 738 1408 nova
752 1371 811 1421 Lege
828 1371 959 1420 praecipitur

149 1432 233 1470 dileetio
248 1432 392 1477 inimicorum,
412 1431 515 1469 etodium
530 1431 660 1481 prohibetur.
683 1431 710 1468 Ut
726 1431 806 1468 veteris
829 1431 959 1470 Testamenti

149 1491 224 1540 loca¹]
236 1493 357 1538 mittamus,
375 1493 488 1542 praecipue
503 1493 620 1529 sententiae
639 1505 664 1529 ex
678 1504 732 1529 novo
745 1494 881 1530 Testanrento
899 1498 960 1530 sunt:

149 1556 195 1604 Ego
209 1560 277 1591 autem
290 1554 334 1591 dico
346 1554 417 1598 vobis,
436 1565 476 1590 non
488 1553 591 1590 resistere
603 1554 656 1590 malo
663 1567 669 1598 ς
688 1553 725 1590 sed
740 1553 759 1589 si
774 1554 851 1602 quista
873 1565 960 1603 percus-

149 1614 202 1651 serit
212 1615 232 1650 in
245 1614 353 1651 dexteram
364 1614 469 1651 maxillam
482 1620 551 1658 tuam,
563 1614 641 1661 praebe
659 1613 689 1650 1111
708 1619 729 1650 51
744 1612 879 1660 5115111172).
900 1616 960 1664 „Ego

149 1680 217 1710 autem
230 1674 274 1711 dico
286 1674 359 1717 vobis,
372 1674 452 1723 diligite
464 1674 560 1710 inimicos
572 1679 656 1710 vestros
669 1673 723 1710 etc.⁵'
731 1670 757 1720 ³).
778 1673 912 1711 „Mandatum
925 1685 960 1710 no-

149 1746 195 1771 vum
208 1734 232 1771 do
245 1732 317 1778 vobis,
330 1739 353 1770 111
365 1733 457 1784 diligatis
469 1733 566 1771 invicem.
579 1734 602 1770 ln
614 1732 653 1771 hoc
666 1739 797 1783 cognoscent
808 1745 893 1779 omnes,
909 1733 961 1783 quod

149 1790 246 1843 discipuli
258 1794 298 1831 mei
310 1794 376 1839 estis,
389 1794 407 1830 si
419 1794 551 1832 dilectionem
563 1792 679 1831 habueritis
693 1794 717 1831 ad
729 1794 831 1832 invicem”
842 1790 868 1842 4).
893 1794 962 1833 „Nulli

149 1855 224 1892 malum
236 1867 274 1903 pro
288 1857 341 1892 malo
353 1855 477 1892 reddentes”
485 1853 511 1902 5).
536 1854 623 1893 „Omnis
636 1855 670 1904 qui
682 1855 725 1892 odit
736 1855 825 1892 fratrem
837 1867 911 1900 51111111,
925 1855 961 1891 ho-

151 1916 226 1954 micida
244 1923 286 1961 est,
310 1922 330 1954 et
347 1916 421 1962 scitis,
444 1916 539 1966 quoniam
558 1916 624 1953 omnis
639 1915 743 1954 homicida
757 1928 797 1954 non
818 1915 881 1954 habet
899 1916 963 1954 vitam

152 1984 259 2016 aeternam
274 1978 294 2015 in
310 1978 422 2028 semetipso
441 1974 607 2025 nianentent”⁶].
629 1978 657 2015 Et
680 1977 711 2016 „si
730 1977 842 2030 diligamus
860 1978 962 2023 invicem,

150 2041 209 2079 Deus
221 2041 241 2078 in
260 2039 319 2079 nobis
331 2045 401 2078 manet
412 2046 433 2078 el
452 2039 545 2079 charitas
558 2039 603 2089 ejus
617 2039 639 2077 in
654 2039 713 2078 nobis
731 2039 827 2090 perfecta
839 2047 878 2080 est.
898 2070 920 2079 ..
940 2040 964 2080 Si

152 2103 197 2154 quis
211 2103 296 2149 dixerit,
316 2103 411 2154 quoniam
430 2103 493 2154 diligo
505 2104 584 2148 Deum,
601 2109 622 2141 et
633 2102 721 2141 fratrem
733 2115 794 2142 snum
806 2103 884 2150 oderit,
907 2116 962 2141 men-

152 2166 191 2203 dax
204 2165 248 2203 est”
260 2165 286 2214 ⁷).
1010 2151 1018 2163 ”

225 2223 251 2275 2]
264 2227 348 2265 Utiliter
360 2226 496 2278 injungentur
509 2227 550 2265 odii
561 2226 581 2263 in
592 2226 710 2276 proximum
721 2226 767 2264 labe
779 2226 874 2272 infectis,
893 2233 916 2265 ut
928 2226 963 2265 ali-

153 2290 234 2339 quoties
253 2301 290 2339 per
308 2289 360 2326 diem
380 2289 446 2326 oeulis
462 2288 525 2325 animi
541 2287 648 2326 Christum
666 2288 723 2339 ligno
742 2288 812 2326 crucis
831 2288 916 2326 affixum
934 2289 964 2325 in·

153 2357 261 2395 tueantur,
275 2350 309 2400 qui
320 2362 357 2399 pro
370 2362 393 2387 se
406 2349 580 2400 crucifigentibus
593 2349 672 2395 oravit,
689 2361 712 2387 ae
725 2350 849 2400 sanguinem
862 2361 921 2387 suum
935 2349 964 2387 ef·

152 2411 214 2455 fudit,
234 2412 368 2461 cogitentque
381 2422 437 2455 511111,
451 2422 504 2460 erga
516 2422 576 2459 quem
588 2416 668 2447 tantum
681 2410 748 2447 odium
762 2416 783 2447 et
793 2410 891 2448 invidiam
904 2421 964 2447 exer·

153 2478 213 2516 cent,
227 2472 289 2509 ctiam
305 2471 329 2508 de
347 2483 433 2508 numero
447 2482 494 2507 esse
507 2482 589 2515 eorum,
611 2482 662 2519 quos
674 2471 777 2521 sanguine
790 2482 827 2507 suo
841 2471 933 2519 aspersit
945 2476 966 2506 et

154 2532 251 2580 expiavit.
265 2531 323 2579 Quod
336 2530 415 2567 christi
427 2531 447 2568 in
467 2543 530 2583 eruce
542 2531 652 2579 pendentis
665 2531 781 2578 exemplum
793 2542 844 2568 sane
860 2530 964 2568 efficacis·

154 2591 228 2628 situum
239 2592 268 2629 sit
279 2591 304 2628 ad
316 2590 492 2641 exstinguendum
504 2591 572 2628 odium
583 2590 674 2639 proximi
686 2597 706 2627 51
719 2602 810 2628 amorem
821 2591 878 2628 illius
896 2591 965 2629 conci-

179 2754 193 2799 1)
204 2756 266 2812 Exod.
279 2758 349 2814 XXI-ll.
360 2758 377 2790 ’1.
388 2759 405 2790 5.
416 2758 463 2790 Lev.
478 2758 547 2791 XVlll.
565 2759 593 2795 18.
611 2755 671 2791 Prov.
687 2758 756 2791 XXIV.
769 2760 797 2791 17.
814 2759 873 2792 XXV.
886 2759 916 2791 21.
934 2758 965 2791 22.

202 2804 966 2899 ittexhilararent⁵3alteritate·hirti:

205 2907 233 2938 15.
244 2923 267 2928 -
277 2905 293 2945 7)
306 2906 321 2938 1.
332 2904 388 2938 Joan.
398 2905 432 2938 IV.
438 2903 473 2937 ⁶12.
