2056 3193
122 102 168 146 310

123 224 220 268 quamam
234 212 320 265 poterit,
338 216 432 265 peccatis
445 216 535 265 applicet
547 215 703 253 medicamenta.
722 216 770 255 Sint
781 215 843 254 etiam
854 227 929 264 poena-

123 279 160 324 lia,
179 279 252 328 quibus
264 277 331 327 possit
342 276 395 315 iram
407 277 448 314 Dei
460 278 547 315 lleetere
560 284 580 315 et
593 275 757 315 misericordiam
771 277 877 327 consequi,
891 289 930 326 qua

123 340 204 387 adiutus
217 352 328 390 emergere
341 340 410 376 valeat
423 352 433 376 e
446 344 501 376 statu
514 352 551 376 suo
564 339 647 376 misero

197 404 219 449 e]
238 401 351 450 Postquam
370 412 420 438 vero
439 399 478 439 liae
497 401 577 438 ratione
598 405 671 437 eontra
689 399 784 449 relapsus
800 400 929 439 sufficienter

123 476 168 501 eum
186 462 348 512 praenmnierit,
365 461 488 512 vivendique
501 462 603 500 rationem
616 460 721 505 docuerit,
739 467 831 510 tempuS,
849 474 887 512 quo
906 461 930 499 ad

123 537 207 563 saerum
220 524 311 563 tribunal
323 529 452 570 revertatur,
470 524 546 576 defigat
559 523 671 573 faciatque,
689 528 711 560 ut
723 523 831 572 poenitens
843 523 862 561 id
875 523 930 562 serio

123 586 238 636 promittat.
264 586 288 624 si
299 585 369 623 redire
381 586 415 623 ille
429 587 453 624 ob
465 588 557 624 loeorum
570 584 703 630 distantiam,
722 590 755 622 aut
775 591 860 634 propter
879 586 930 623 alias

123 649 216 686 rationes
230 648 254 685 ad
268 648 353 685 etrndenr
367 648 518 686 confessarium
531 659 570 684 uon
583 646 662 696 possit,
676 646 776 695 jubeatur
793 646 854 683 alteri
866 658 889 683 se
900 647 930 684 in-

123 716 155 747 tra
169 710 301 759 praefinitum
313 710 424 747 terminum
437 709 524 748 sistere,
542 709 573 745 eui
588 707 724 746 absolutionis
740 707 868 751 dilationem,
887 708 930 756 ejus

124 783 217 816 eausam,
232 770 379 819 poenitentiam
390 770 519 819 impositam.
537 775 557 806 et
569 782 593 806 an
606 769 733 818 impleverit,
751 769 850 807 declaret.
869 770 930 806 Tam-

124 833 164 869 etsi
182 844 232 870 vero
249 832 321 870 utilius
340 832 366 868 sit
386 831 498 879 poenitenti
519 831 542 868 ad
562 830 648 868 eundem
671 831 751 868 reverti
770 830 930 884 confessarium,

124 906 161 931 oon
176 900 243 931 tanien
257 894 280 931 ad
294 893 312 930 id
326 893 445 944 cogendus,
463 893 498 930 sed
511 892 604 930 libertati
617 904 668 930 snae
680 891 829 942 relinquendus
841 891 930 929 videtur.

124 955 211 993 Student
226 962 292 992 atatem
305 955 418 1003 poenitenti
431 954 484 991 onnri
500 954 558 991 inodo
575 953 714 1003 persuadere,
733 959 754 990 ut
770 954 867 1003 deinceps
883 965 931 991 eon·

124 1016 235 1054 fessarinm
255 1014 382 1052 ordinarium
402 1015 441 1052 sibi
461 1016 538 1066 eligat,
557 1027 594 1052 neo
614 1016 638 1052 ab
657 1028 681 1052 eo
700 1014 787 1064 amplius
806 1014 850 1061 sine
870 1013 931 1065 gravi

124 1090 186 1115 eausa
203 1077 294 1114 recedat.

197 1139 220 1185 d]
232 1138 317 1174 Moneat
330 1137 427 1187 denique,
440 1150 465 1175 ne
478 1138 594 1176 orationem
607 1150 669 1187 super
682 1150 704 1174 se
718 1138 834 1182 dicendam,
852 1143 873 1173 et
885 1149 931 1175 eru-

124 1212 166 1237 eem
180 1198 308 1236 formandam
320 1211 357 1247 pro
370 1198 501 1236 absolutione
516 1206 594 1244 suruat;
611 1199 630 1236 id
644 1199 696 1236 enim
709 1199 738 1243 fit,
756 1204 778 1235 ut
790 1211 849 1236 omne
862 1198 931 1236 ineur-

122 1261 199 1298 rendae
212 1254 309 1297 infamiae
321 1260 437 1309 perieulum
451 1260 557 1311 abigatur,
576 1266 595 1297 et
613 1273 638 1297 ue
651 1260 780 1297 absolutione
793 1271 831 1297 non
845 1260 932 1297 donatus

123 1322 167 1358 fors
181 1323 204 1358 ad
217 1333 300 1358 sarram
314 1320 484 1358 Cormnunionem
500 1320 601 1366 accedat:
619 1321 637 1358 si
655 1333 705 1358 vero
722 1320 855 1358 nihilominus
868 1332 891 1357 se
908 1319 931 1357 ad

123 1395 166 1420 :eam
180 1382 270 1427 stiterit,
288 1393 350 1419 saera
364 1382 491 1426 Continuam,
510 1382 594 1430 nequid
608 1387 680 1419 eontra
693 1388 798 1420 secretum
812 1393 932 1419 sacramen·

123 1444 163 1480 tale
177 1450 260 1494 agatur.
272 1442 301 1479 illi
313 1443 450 1491 impertienda
463 1449 501 1481 est.

197 1505 220 1543 Si
237 1511 304 1542 autem
323 1504 431 1553 poenitens
444 1511 523 1542 statuto
536 1511 629 1554 tempore
642 1505 708 1542 redux
720 1505 794 1550 fuerit,
811 1504 931 1548 ridendum,

123 1579 170 1603 num
183 1566 231 1603 data
243 1565 320 1602 nmnita
338 1571 357 1601 et
374 1565 441 1602 media
459 1572 476 1603 et
496 1566 627 1610 adhibuerit,
646 1572 665 1603 et
683 1565 832 1603 emendationis
850 1565 932 1603 fruetus

125 1626 225 1672 ediderite
243 1639 281 1676 qua
298 1626 379 1664 ratione
395 1626 543 1672 deliniendum,
561 1639 608 1664 nrnn
626 1627 762 1665 absolutionis
775 1627 844 1678 gratia
857 1626 932 1678 dignus

125 1687 151 1725 sit
164 1700 201 1724 tter
214 1701 246 1731 ne,
260 1693 279 1724 et
291 1688 309 1724 si
317 1687 445 1734 judicaverit
458 1687 612 1732 ertrrfessarins,
626 1701 659 1733 ea,
672 1701 723 1738 qrrae
736 1688 802 1738 prima
814 1689 860 1727 viee
872 1699 932 1737 prae·

125 1749 178 1793 buit,
198 1749 222 1786 ad
241 1760 286 1785 enm
302 1748 321 1785 in
337 1747 406 1785 oitieio
422 1748 562 1790 retinerulmn,
580 1749 673 1787 remedia
688 1750 741 1787 satis
754 1762 792 1787 non
806 1761 864 1794 esse,
881 1748 932 1786 vali·

124 1810 181 1847 diora
194 1809 223 1847 illi
236 1808 378 1858 praescribat,
391 1810 466 1846 leniter
479 1810 612 1860 significans,
625 1810 723 1849 videlieet
735 1811 845 1860 prohibere
858 1811 932 1853 Deum,

125 1883 148 1907 ue
161 1870 285 1908 inordinatis
297 1870 353 1907 illins
365 1870 472 1921 indulgeat
485 1871 607 1915 desideriis,
626 1878 646 1908 et
664 1872 703 1909 sibi
722 1872 808 1922 regulas
827 1870 932 1920 praeseri-

125 1937 170 1980 ptas
184 1926 244 1974 esse,
261 1945 271 1967 a
291 1931 363 1979 quibus
383 1932 483 1969 r'eoedere
502 1944 541 1968 nou
561 1932 627 1981 possit
642 1932 739 1969 ineolumi
757 1932 895 1976 conscientia,
913 1937 933 1969 et
974 1933 976 1936 ’

126 1992 198 2041 quilms
216 1992 362 2040 obtemperare
381 2004 426 2029 atum
445 1993 500 2030 ritae
512 1993 606 2041 perieulo
621 1999 724 2030 teneatur.
737 1993 890 2031 Advertendum
902 1999 932 2030 ta·

125 2065 181 2097 men,
200 2064 238 2089 uon
258 2052 303 2089 ideo
323 2051 420 2090 eontinuo
440 2053 585 2090 remittemlnm
605 2066 662 2097 esse,
682 2054 714 2103 qui
731 2061 779 2103 post
796 2053 932 2092 intensiorem

125 2113 215 2151 lraltitum
229 2119 248 2149 et
260 2112 415 2162 frequentiores
429 2114 524 2162 relapsus
537 2115 600 2152 semet
613 2120 691 2152 tantum
701 2128 724 2152 ex
735 2115 932 2164 infirmitatepotius

125 2187 183 2224 qoam
202 2175 321 2223 impellente
340 2173 410 2211 babitu
430 2175 526 2224 relapsus
544 2182 586 2221 est:
605 2175 711 2214 dmnrnodo
732 2183 799 2214 tamen
814 2177 897 2215 monitis
910 2189 932 2213 se

126 2235 204 2272 tidelem
217 2235 358 2284 praestiterit,
372 2241 390 2272 et
408 2248 443 2284 pro
460 2236 537 2273 viribus
550 2248 614 2285 pravo
626 2237 706 2274 habitui
717 2231 832 2282 restiterit,
849 2250 873 2275 ae
892 2237 932 2274 dis-

126 2297 205 2343 positus
217 2296 313 2333 rideatur
331 2296 384 2335 otnni
403 2303 476 2334 (tortatu
490 2311 501 2334 a
518 2298 601 2346 relapsu
614 2298 654 2335 sibi
666 2310 800 2347 praecanere.
818 2298 931 2347 Cornpella·

126 2363 158 2394 tm·
176 2364 243 2395 tamen
262 2357 377 2404 huiusmodi
397 2359 420 2395 ad
438 2358 552 2406 praelixam
572 2360 683 2397 ter-mimam
698 2371 774 2396 rursus
787 2359 893 2403 confiteri,
912 2365 933 2396 ut

126 2418 156 2454 sie
168 2419 292 2466 pedetentim
312 2426 403 2456 ueterem
421 2420 521 2456 botninem
540 2432 584 2457 euru
605 2420 699 2457 omnihus
712 2420 756 2456 suis
770 2419 851 2457 actibus
864 2425 932 2463 exuat,

127 2484 145 2514 et
159 2480 237 2516 earrtior
255 2480 291 2516 tiat
307 2493 331 2517 «tx
348 2480 475 2529 obligatione,
492 2493 515 2516 se
531 2480 653 2517 ostendendi
664 2480 815 2518 sacerdotibus.
835 2481 932 2518 Ceterum

126 2538 288 2577 eittemlationem
308 2553 441 2591 cognoscere
460 2540 536 2590 poterit
555 2540 699 2578 confessarios
719 2554 744 2579 ox
763 2541 897 2592 dispositione
913 2548 931 2579 et

126 2601 207 2638 interno
221 2601 295 2638 alleato
308 2602 447 2650 permutantia,
466 2601 518 2638 unde
531 2602 665 2639 scrutandum
678 2615 714 2641 eor
726 2603 799 2653 ipsius,
811 2603 932 2655 pertingen-

125 2663 171 2700 dmn
185 2672 249 2710 usque
262 2662 286 2698 ad
298 2661 419 2701 ‹livisionem
432 2664 512 2701 arrianae
527 2675 551 2700 ae
563 2662 661 2712 spiritus,
680 2671 700 2701 et
711 2665 861 2702 discernendae
875 2664 932 2716 eogi-

125 2724 215 2761 tationes
228 2726 248 2758 et
259 2722 385 2761 intentiones
398 2725 474 2762 cordis.
493 2724 517 2761 st
533 2723 585 2760 enim
602 2725 672 2772 pratis
688 2726 851 2777 cognationibus
870 2737 933 2774 saepe

124 2784 188 2822 fuerit.
200 2783 318 2821 voluntarie
331 2785 447 2823 oblectatus
460 2787 579 2834 premittens,
599 2785 616 2821 si
634 2787 757 2824 oreasiones
770 2786 932 2830 desideraverit,

124 2845 249 2893 quaesierit,
268 2844 325 2894 viget
345 2857 420 2893 pravus
439 2845 531 2890 babitus,
550 2847 589 2883 etsi
603 2846 627 2883 ad
640 2848 735 2884 effoetum
748 2846 833 2896 perduei
846 2859 885 2883 non
897 2859 932 2896 po-

125 2906 194 2943 tuerit.
212 2908 239 2944 At
258 2917 307 2943 tero
326 2906 343 2942 si
362 2908 488 2956 poenitentia
508 2909 581 2945 duetus
601 2914 620 2944 et
640 2907 727 2945 horrore
745 2907 825 2957 paee-ati
842 2907 932 2945 remedia
970 2950 973 2962 s
