2056 3193
158 105 203 149 256

159 220 302 261 dulcissimum
314 226 335 258 et
345 220 412 259 minus
424 219 615 271 impeditissimum,
633 219 654 258 in
666 232 705 270 quo
719 228 739 260 et
749 222 808 274 ipsae
821 220 913 261 aviculae
925 232 963 258 nos

160 283 184 322 ad
203 282 390 334 expergiscendum
408 289 429 321 et
444 283 512 321 Deum
529 282 652 322 laudandum
671 282 842 332 excitantadeo,
865 288 887 322 ut
904 294 964 322 mane

160 357 238 383 summo
251 357 341 396 surgere
353 350 374 383 et
385 344 471 389 sanitati
482 351 503 383 et
514 345 622 384 sanctitati
634 344 686 383 mire
699 345 813 384 conducat'’
824 345 849 394 ¹).
876 341 878 344 ’

269 462 290 515 l.
310 463 442 518 Voluntaria
454 463 600 517 rnolestorom
612 464 715 517 laborum
727 464 851 533 susceptio.

233 587 251 641 ξ.
265 585 315 627 ill.
330 589 457 627 Voluntaria
472 589 578 639 susceptio
589 590 684 628 laborum
696 590 841 628 molestiarum
853 590 965 641 taliumque

159 662 241 696 rerum,
254 662 306 700 quae
318 651 450 688 sensualitati
461 656 510 688 sunt
520 650 628 701 ingratae,
641 651 782 690 commendari
793 656 868 701 potest.
888 650 965 699 Quales

159 712 180 750 in
192 711 263 761 speeie
276 711 425 756 commendari,
444 712 477 749 vel
489 712 570 761 suscipi
581 712 679 759 debeant,
699 725 725 750 ex
736 712 879 764 singularibus
894 712 964 762 poeni·

160 773 224 811 tentis
236 772 337 821 adjunctis
350 772 463 821 dijudicare
476 779 564 823 oportet.
576 774 682 812 Interdum
694 774 812 825 defatigans
821 773 888 823 aliqua
897 773 965 810 deam-

160 834 249 880 bulatio,
267 847 304 872 ceu
319 834 408 872 medium
424 834 498 872 malam
511 835 701 885 concupiscentiam
713 835 796 874 facilius
809 834 965 884 compescendi,

159 895 264 932 inservire
279 901 355 944 potest.
374 894 453 943 Quodsi
469 896 578 946 poenitens
597 896 688 947 alioquin
702 896 746 946 jam
760 909 798 946 per
813 902 891 934 statum
905 907 966 933 suum

160 956 225 995 certis
238 956 358 1006 quibusdam
370 956 472 994 molestiis
485 957 596 1003 afficiatur,
613 958 679 996 veluti
696 958 803 996 laboriosa
821 956 917 1007 corporis
934 956 965 993 vi·

159 1018 214 1056 rium
227 1017 356 1063 intensione,
375 1024 447 1056 aestus
462 1018 592 1070 frigorisque
607 1019 754 1069 perpessione,
774 1018 857 1057 defectu
872 1018 966 1056 ciborum

161 1080 213 1117 satis
225 1079 369 1125 nutrientium,
386 1086 520 1129 paupertate,
538 1080 675 1130 vilipensione
687 1093 713 1118 ex
724 1086 784 1130 parte
802 1080 889 1118 aliorum
901 1078 965 1116 homi·

161 1154 218 1179 num:
236 1141 366 1179 confessario
378 1153 401 1178 eo
414 1141 532 1179 enitendum
544 1148 589 1186 est,
608 1148 630 1179 ut
641 1142 781 1191 poenitentem
793 1141 877 1185 doceat,
895 1139 966 1188 hujus-

161 1202 216 1240 modi
230 1202 284 1239 mala
300 1208 321 1239 et
337 1201 467 1240 incommoda
481 1215 528 1241 cum
540 1202 655 1240 christiana
666 1202 767 1252 patientia
779 1208 800 1240 et
811 1201 966 1252 resignatione,

162 1277 187 1302 ex
202 1262 319 1301 obedientia
334 1276 387 1314 erga
403 1264 481 1309 Deum,
499 1264 533 1303 cui
547 1264 610 1302 toties
625 1263 778 1302 inobedientem
793 1275 816 1300 se
832 1262 967 1307 exhibuerat,

161 1338 207 1364 eum
219 1324 291 1362 bunrili
302 1331 398 1362 reatuum
410 1337 496 1363 suorum
509 1338 533 1364 ac
544 1337 623 1375 poenae
635 1325 761 1375 promeritae
775 1324 891 1376 agnitione,
911 1335 967 1361 cum·

161 1399 200 1438 que
213 1386 299 1425 consilio
311 1398 348 1436 pro
360 1386 454 1436 peccatis
466 1387 621 1432 satisfaciendi,
637 1387 658 1424 in
670 1399 693 1424 se
706 1386 816 1436 suscipere
832 1391 852 1423 et
863 1384 967 1434 perferre.

162 1448 220 1496 Quae
233 1447 314 1498 quidem
325 1453 412 1497 peccata
423 1448 503 1494 luendi,
523 1461 546 1487 ac
558 1460 595 1498 pro
611 1447 637 1486 iis
649 1447 794 1486 satisfaciendi
805 1446 891 1484 intentio
904 1457 968 1497 gene·

161 1509 223 1547 ratim
238 1509 258 1546 in
274 1509 368 1547 omnibus
383 1509 502 1555 exercitiis,
521 1522 573 1560 quae
586 1509 623 1547 sub
635 1509 696 1547 titulo
709 1507 861 1547 satisfactionis
874 1519 968 1557 compre·
986 1560 988 1563 y

161 1570 286 1616 henduntur,
298 1570 420 1622 requiritur.

474 1690 495 1743 b.
514 1689 662 1744 llorlllrcatio.

237 1813 255 1868 ἕ.
265 1812 314 1855 178.
323 1814 447 1854 Generatim
458 1815 548 1853 studium
561 1828 620 1853 suam
632 1816 799 1854 commoditatem
811 1820 832 1852 et
842 1814 970 1863 voluptatem

163 1877 297 1922 refrenandi,
316 1877 521 1927 quademumcunque
539 1877 650 1916 occasione
668 1877 713 1914 sive
732 1877 870 1927 qualicunque
888 1874 969 1912 ratione

163 1938 214 1975 illud
225 1938 271 1984 fiat,
284 1951 295 1976 a
308 1939 437 1976 confessario
450 1938 603 1988 poenitentibus
615 1938 798 1976 commendandum
810 1936 857 1974 erit.
881 1935 971 1973 Studeat

165 2005 234 2047 autern
247 1998 389 2037 confessarius
401 1999 513 2048 poenitenti
526 1999 665 2049 persuadere,
684 1999 769 2036 cuilibet
781 2010 828 2035 esse
840 2009 919 2034 summe
934 2007 970 2032 ne·

165 2060 293 2105 cessarium,
306 2066 328 2097 ut
339 2060 383 2097 suis
396 2060 455 2097 malis
467 2060 643 2109 concupiscentiis
656 2060 781 2105 dominetur3
794 2065 876 2096 atvero
889 2062 970 2101 caveat,

163 2133 189 2159 ne
201 2121 256 2159 forte
267 2121 362 2167 ridicula,
374 2122 408 2158 vel
419 2121 480 2159 nimis
493 2122 558 2159 ardua
570 2121 672 2159 exercitia
683 2120 822 2170 praescribat,
834 2125 905 2169 utpote
918 2129 970 2167 quae

164 2182 274 2221 cultiorem
292 2184 455 2227 exacerbatum,
473 2182 573 2220 incultum
592 2188 661 2220 autern
678 2183 760 2220 frustra
770 2187 873 2219 vexatura
891 2185 971 2217 tantum

163 2244 239 2281 forent.
258 2243 336 2292 Quodsi
352 2244 460 2294 poenitens
474 2243 519 2293 ipse
534 2244 687 2294 impositionem
705 2255 790 2293 operum
802 2238 971 2280 mortificationis

164 2308 271 2343 eata-noe
282 2311 349 2355 petat,
363 2305 507 2344 confessarius
520 2305 564 2354 ejus
577 2311 665 2350 statum,
681 2305 777 2355 eorporis
789 2302 970 2345 constitutionem,

165 2366 258 2417 negotia,
271 2379 344 2404 sanum
355 2368 388 2404 vel
399 2359 501 2417 praeceps
514 2367 559 2415 ejus
567 2366 677 2415 judicium,
689 2379 728 2404 nec
740 2377 780 2403 non
793 2376 836 2409 eos,
849 2364 972 2414 quibuscum

166 2428 288 2465 conversari
299 2428 353 2465 solet
365 2434 415 2473 ete,
428 2428 541 2478 diligenter·
554 2428 657 2472 attendat,
670 2440 708 2465 nec
720 2426 762 2464 nisi
773 2425 823 2463 talia
835 2437 899 2475 opera
911 2434 971 2473 prae-

166 2488 254 2533 scribat,
273 2501 325 2538 quoae
337 2489 446 2538 poenitens
458 2489 536 2537 absque
548 2500 586 2526 suo
599 2494 620 2526 et
632 2488 720 2525 aliorum
733 2487 857 2525 detrimento
870 2495 971 2527 exercere

165 2553 244 2598 potest,
263 2562 355 2600 quaeque
373 2550 492 2587 immediate
511 2549 535 2586 ad
553 2549 699 2587 debilitandam
718 2549 762 2597 ejus
780 2549 855 2586 malam
874 2544 971 2594 concupi·

166 2610 267 2647 scentiam
279 2611 364 2649 faciunt.
378 2611 459 2650 „Aliter
472 2610 525 2647 enim
537 2617 570 2648 est
577 2610 712 2658 judicandum
724 2611 748 2648 de
758 2609 883 2660 sine,.aliter
895 2607 920 2645 de
931 2605 972 2650 his,

166 2683 219 2720 quae
232 2672 274 2707 sint
286 2671 315 2708 ad
322 2672 394 2721 fiuent
412 2671 465 2709 Illud
477 2671 541 2717 eninr,
554 2672 607 2721 quod
619 2672 727 2721 quaeritur
740 2677 837 2719 tanquam
849 2668 906 2713 finis,
925 2667 971 2710 abs·

166 2745 205 2782 que
217 2744 316 2770 mensura
328 2734 467 2781 quaerendum
480 2739 513 2770 est
518 2747 524 2778 3
542 2733 563 2769 in
580 2732 612 2770 lris
630 2739 709 2778 autem,
729 2744 780 2781 quae
798 2736 846 2768 sunt
864 2730 889 2768 ad
900 2728 971 2771 linem,

166 2799 199 2831 est
211 2793 327 2832 adhibenda
338 2806 436 2833 mensura
448 2794 562 2835 secundum
573 2795 729 2844 proportionem
745 2792 769 2830 ad
783 2791 851 2830 finem.
868 2793 908 2835 Est
920 2799 972 2839 ergo

163 2885 351 2893 μ’.-

190 2927 205 2973 1)
214 2929 298 2963 rorrom.
307 2928 330 2962 r.
340 2928 372 2961 ιιι.
382 2937 397 2961 e.
406 2929 435 2962 23.
