2017 3193
895 110 939 153 253

174 223 194 276 i.
208 220 323 288 Jejuniun
336 221 414 275 stricte
427 221 483 285 tale,
501 221 549 274 sive
562 220 700 275 abstinentia
718 219 763 275 eibi
775 221 896 290 potusque.

206 345 224 399 ᾖ.
238 342 288 386 174.
306 347 421 397 Jejunium,
440 346 494 397 quod
504 345 526 383 in
538 346 579 384 cibi
589 351 691 396 potusque
704 346 831 385 abstinentia
842 357 880 396 per
893 357 939 383 cer·

132 414 165 445 tos
177 407 221 445 dies
234 414 320 448 extensa
332 410 438 454 consistit,
457 406 550 446 omnibus
568 406 676 443 advenam
689 408 841 456 perfectionem
854 413 939 446 conten·

133 468 228 506 dentibus
239 482 337 522 perquam
348 471 453 509 familiare
466 468 515 512 fuit,
528 473 549 505 et
561 466 635 504 exinde
647 469 829 507 commendandum
841 481 864 507 se
876 480 938 519 prae-

131 529 177 576 bct,
195 536 217 568 ut
233 531 323 579 ejusdem
341 545 378 582 ope
391 543 477 569 carnem
489 527 573 577 spiritui
583 528 667 566 facilius
679 528 826 580 subjugemus,
843 530 939 580 huncque

133 591 236 630 adrerum
244 594 366 631 coelestium
374 589 569 640 contemplationem
577 589 726 638 expeditiorem
734 589 841 628 faciamus.
850 590 939 639 „Quem-

133 652 240 691 admodum
255 655 347 692 leviores
367 663 432 690 naves
451 650 518 688 maria
532 649 626 688 velocius
645 655 766 695 transeunt,
785 657 858 689 contra
875 653 938 690 multo

133 725 196 751 onere
207 721 310 765 gravatae
322 714 495 762 submerguntur,
506 711 536 748 ita
544 710 657 759 jejunium,
669 710 771 749 leviorem
782 711 872 749 reddens
883 724 939 749 men-

132 780 180 820 tem,
192 775 263 821 efiicit,
275 781 297 813 ut
308 773 393 812 facilius
404 772 465 821 hujus
476 772 533 809 vitae
544 773 642 823 pelagum
654 772 794 818 transmittat,
807 784 831 810 ac
844 784 875 817 ca,
888 784 940 822 quae

131 835 152 873 in
164 837 229 875 coelis
241 842 296 881 sunt,
308 834 419 884 respiciat,
429 832 508 871 etnihil
519 833 584 872 faciat
595 833 728 883 praesentia’'
740 832 766 881 ¹).
778 835 806 871 Et
818 833 840 871 S.
853 834 940 871 Ambro-

132 897 189 935 sius:
208 896 328 944 „Jejunium
347 894 437 933 refectio
456 895 546 940 animae,
563 894 607 932 vita
623 895 764 945 Angelorum,
783 895 855 944 culpae
871 907 940 939 mors,

131 957 245 995 remedium
257 956 339 1001 salutis,
351 955 411 994 radix
418 956 509 1006 gratiae,
521 955 677 993 fundamentum
689 956 801 993 castitatis.
813 955 860 994 Hoc
871 956 940 1006 gradu

131 1018 189 1056 Elias
202 1017 306 1062 aseendit,
320 1023 429 1067 antequam
442 1016 518 1055 enrru’'
526 1015 553 1064 ²).
576 1016 624 1055 Hoc
636 1016 760 1055 exercitium
772 1028 858 1055 sensum
869 1016 939 1066 poeni-

131 1079 209 1117 tentiae
221 1084 283 1127 atquc
294 1077 454 1116 saluberrimam
465 1083 600 1128 peccatorum
611 1077 724 1116 vindictam
736 1078 809 1128 spirat.
843 1077 908 1126 Quem
919 1077 941 1115 in

131 1139 193 1176 finem
211 1140 355 1177 confessarius
369 1139 524 1189 poenitentibus
537 1139 685 1177 abstinentiam
697 1152 708 1176 a
720 1139 766 1178 cibo
777 1145 868 1189 potuque
876 1151 940 1188 >prae-

132 1199 227 1237 scribere
238 1200 325 1250 poterit,
343 1201 373 1238 ita
390 1205 469 1246 tamen,
487 1206 510 1238 ut
526 1212 630 1250 nunquam
648 1212 688 1237 non
703 1201 792 1251 regulae
810 1205 830 1237 et
846 1199 940 1237 cautelae

132 1261 279 1306 observentur,
294 1274 319 1299 ne
331 1261 413 1300 scilicet
424 1261 579 1306 obliviscamur,
598 1261 646 1311 quid
657 1262 764 1306 valetudo,
784 1260 872 1311 quidque
884 1261 939 1299 ratio

131 1321 260 1371 reliquorum
278 1322 395 1360 officiorum
414 1329 434 1359 ct
452 1322 596 1370 adjunctorum
611 1328 701 1370 expetat.
721 1320 848 1359 Oteoendum
859 1322 939 1371 igitur:

133 1384 156 1430 a)
169 1394 194 1419 nc
205 1389 280 1420 natura
291 1395 329 1433 per
340 1383 423 1420 nimiam
436 1383 582 1421 abstinentiam
593 1382 670 1427 fracta,
681 1382 812 1432 postmodum
823 1394 847 1420 eo
859 1381 939 1433 largio·

131 1455 168 1480 res
185 1444 351 1482 refocillationes
370 1450 463 1494 quaerat.
498 1445 553 1483 „Per
566 1443 695 1492 jejuniorum
713 1455 824 1482 excessum
843 1443 939 1481 debilitas

132 1504 246 1549 stomachi,
259 1517 285 1542 ex
295 1504 334 1543 hac
346 1511 415 1543 autern
427 1505 520 1544 cruditas
532 1505 633 1555 quaedam
645 1504 787 1555 consequitur,
800 1516 852 1555 quae
863 1515 940 1554 parens

131 1564 240 1603 libidinum
258 1564 339 1614 cst'⁷³].
371 1567 395 1613 b]
414 1567 445 1604 Ne
463 1565 598 1612 abstinentia,
617 1578 669 1616 quae
686 1566 771 1603 virtutis
789 1565 905 1604 subsidium
920 1570 941 1602 et

132 1625 276 1664 conversionis
291 1626 381 1665 medium
393 1639 441 1665 csse
454 1628 525 1672 debet,
542 1627 617 1664 virtuti
632 1628 701 1665 lociun
716 1627 838 1677 praeripiat.
873 1625 941 1674 „Qnrid

132 1686 186 1724 enim
197 1694 295 1726 tenuatur
308 1700 384 1738 corpus
397 1688 532 1734 abstinentia,
552 1688 570 1726 si
589 1688 670 1726 animus
688 1688 810 1727 intumescit
827 1688 940 1739 superbia?

133 1746 197 1796 Quam
208 1749 290 1787 laudem
301 1750 428 1787 merebimur
440 1750 464 1787 de
476 1750 555 1799 pallore
565 1749 651 1797 jejunii,
670 1749 689 1787 si
699 1750 778 1788 invidia
789 1749 847 1787 lividi
858 1749 940 1786 simus?
995 1741 997 1743 ¹

132 1807 185 1857 Quid
196 1810 281 1848 virtutis
293 1810 356 1849 liabet
366 1811 436 1849 vinum
448 1823 487 1849 non
499 1811 583 1856 bibere,
602 1816 623 1848 et
640 1810 673 1848 ira
685 1816 705 1848 et
717 1811 762 1849 odio
773 1809 887 1849 inebriari²²
901 1807 939 1857 Ἥ

132 1872 155 1917 c]
172 1871 203 1907 Ne
216 1872 341 1910 abstrnentia
359 1884 430 1910 coram
446 1872 483 1916 iis,
502 1872 625 1922 quibuscum
643 1873 747 1910 conimuni
764 1884 836 1910 mensa
855 1871 939 1916 utimur,

130 1931 185 1970 forte
197 1932 304 1985 singulare
323 1934 371 1984 quid
389 1935 490 1973 affectare
507 1934 622 1972 videamur.
641 1932 772 1985 Quapropter
784 1933 939 1978 confessarius,

131 1993 178 2031 dum
189 1996 304 2043 poenitenti
315 1996 416 2044 jejunium
434 1997 570 2047 praescribit,
588 1996 620 2034 bis
633 1997 721 2034 cautelis
732 1997 837 2042 intendat,
856 2002 887 2040 et,
905 1994 941 2033 ubi

130 2055 238 2103 poenitens
250 2058 306 2094 ultra
316 2058 337 2094 in
349 2070 372 2094 se
385 2059 494 2107 suscipere
506 2058 565 2102 velit,
584 2070 630 2096 cum
648 2069 728 2095 suranna
746 2064 825 2095 tantum
843 2057 939 2095 cautione

130 2116 244 2165 permittat.
261 2118 376 2156 Plurimum
390 2118 483 2166 juvabit,
501 2119 642 2168 poenitentem
654 2131 750 2165 monere,
763 2126 785 2156 ut
796 2131 833 2168 pro
847 2119 939 2168 abnega-

131 2177 189 2215 tione
205 2179 238 2216 sni
254 2179 320 2228 ipsius
339 2186 425 2229 excepto
444 2193 495 2219 casu
513 2180 649 2219 necessitatis
668 2181 794 2218 conveniens
806 2184 940 2217 etstatutum

130 2239 253 2278 refectionis
271 2246 352 2291 tempus
370 2248 452 2287 servet,
471 2242 518 2292 quin
535 2242 659 2280 intermedio
671 2248 765 2292 tempore
777 2241 887 2292 quidquam
899 2240 940 2279 cibi

132 2309 213 2349 sumat;
230 2316 255 2342 nc
273 2304 377 2342 alimentis
395 2304 566 2355 exquisitionibus
585 2311 605 2342 et
619 2305 708 2342 delicate
721 2304 809 2343 conditis
820 2303 900 2350 inhiet3
917 2309 941 2341 ut

130 2364 183 2411 inis,
196 2378 247 2416 quac
260 2372 389 2417 apponuntur
401 2379 439 2404 noi}
451 2366 570 2404 inordinata
582 2366 690 2413 aviditate,
709 2367 746 2404 scd
758 2367 791 2417 pio
804 2378 887 2415 semper
899 2365 939 2403 tine

130 2433 209 2473 utatur,
228 2434 249 2466 et
260 2429 306 2467 dum
317 2441 389 2468 mensa
399 2428 480 2481 largior
492 2429 611 2474 instruitur,
627 2428 702 2467 saitem
714 2429 791 2480 aliquid
802 2429 843 2467 sibi
857 2429 939 2466 subtra-

130 2487 177 2536 hat,
190 2502 236 2529 cum
253 2491 330 2543 gaudio
348 2491 435 2541 spiritns
448 2491 516 2530 sancti
527 2493 572 2529 Deo
585 2493 683 2529 otl'erens.

205 2552 258 2600 Quin
269 2553 311 2591 imo
322 2554 449 2592 suadendum
462 2560 494 2591 cst
505 2553 669 2603 poenitentibus,
685 2559 708 2591 ut
720 2552 837 2605 abnegandi
848 2558 939 2590 nosmet·

128 2608 186 2660 ipsos
198 2615 320 2653 occasiones
332 2615 423 2654 sollicite
435 2617 580 2661 considerent,
599 2627 651 2666 quac
662 2616 723 2653 nobis
734 2615 806 2653 invitis
818 2619 939 2657 occurrunt,

129 2681 148 2708 V·
161 2685 182 2722 g.
200 2675 246 2714 dum
265 2677 290 2714 ob
310 2677 432 2728 singulares
451 2678 534 2716 labores
547 2684 669 2716 consuetam
681 2677 804 2715 refectionis
817 2676 889 2714 boram
901 2674 939 2712 dif-

129 2729 186 2770 ferre
199 2737 303 2788 cogimur,
316 2739 363 2777 dum
376 2739 456 2778 cibaria
467 2740 534 2778 minus
547 2746 619 2791 grata,
631 2739 730 2789 insipida,
749 2740 783 2777 vel
794 2750 855 2777 manu
867 2737 939 2774 forsan

129 2830 325 2847 *κω-

153 2878 168 2917 1]
179 2876 200 2910 S.
210 2877 279 2921 chrys.
290 2882 307 2915 in
318 2884 367 2917 Gen.
377 2886 429 2919 llum.
441 2887 457 2919 1.
465 2904 488 2911 —-
496 2890 512 2928 2)
522 2887 552 2921 De
561 2886 604 2921 Elia
614 2891 634 2920 et
640 2886 699 2929 jejun.
710 2895 727 2920 c.
738 2888 755 2920 3.
764 2903 789 2909 -
797 2887 813 2925 ³)
823 2884 844 2916 S·
852 2882 907 2916 ΗῙΘΓ·
916 2858 940 2917 ad

125 2961 128 2963 v
177 2927 234 2960 Rust.
244 2946 268 2953 —
276 2931 292 2971 ⁴)
302 2932 357 2967 Hier.
367 2934 391 2967 ad
401 2935 476 2969 celant.
