2056 3193
154 89 184 132 52

156 204 180 242 ad
200 204 344 243 Sacerdotium
359 206 518 249 promoventur,
537 200 623 239 dicitur:
640 200 746 248 „Quorum
759 201 884 241 remiseritis
904 201 956 240 ete.”

156 266 195 303 cfr.
209 264 226 318 ξ
239 263 259 304 4,
271 261 367 306 Accedit,
380 262 433 311 quod
452 261 532 313 gratia,
549 274 601 311 quae
612 273 649 310 per
662 261 800 303 Sacramenta
812 264 933 308 confertur,
947 276 958 300 a

156 326 240 365 Christo
250 324 315 372 capite
328 322 449 368 derivatur,
462 322 646 373 quisuapassione
655 323 715 361 nobis
727 337 773 363 eam
784 325 911 376 promeruit:
923 324 957 361 de·

156 384 318 436 cuitergoillos
332 385 399 430 solos,
419 384 452 434 qui
465 389 591 433 potestatem
605 383 682 421 habent
695 385 716 422 in
729 398 805 436 corpus
825 385 905 425 Christi
922 398 957 422 ve·

155 444 329 492 run1,n1inistr0s
342 458 389 483 esse
407 444 602 490 sacramentorum,
617 457 655 494 per
667 457 719 495 quae
732 447 803 485 eadem
818 447 888 499 gratia
903 446 957 484 deri-

153 514 213 544 vatur
224 506 245 544 in
258 518 334 556 eorpus
346 506 467 555 mysticumg
485 505 516 543 illi
528 512 597 544 autem
614 513 662 544 sunt
680 507 720 544 soli
732 509 867 554 sacerdotes,
887 508 957 557 quales

152 568 237 605 fuerunt
248 568 344 616 Apostoli
354 568 374 604 in
387 579 451 605 coena
462 566 538 605 initiati
554 567 579 605 ad
595 567 675 605 Christi
690 570 766 616 corpus
786 568 957 607 consecrandum.

150 630 210 679 Ergo
222 629 254 666 illi
266 629 305 666 soli
317 634 365 666 sunt
377 628 562 665 Sacramentorum
573 628 674 673 ministri,
683 627 744 676 juxta
753 630 840 667 verbum
853 630 875 667 S.
883 630 953 667 Pauli:

152 688 204 727 „Sic
215 701 253 727 nos
267 689 371 727 existimet
381 688 455 733 homo,
475 695 498 726 ut
512 688 619 727 ministros
636 688 728 735 Christi''
737 688 765 736 ¹),
781 696 802 727 et
823 690 954 739 potissimum

151 749 285 788 sacramenti
299 748 456 793 Poenitentiae,
471 762 508 798 per
525 750 578 798 quod
591 749 685 787 homines
700 749 769 788 idonei
787 750 839 787 fiunt
850 751 875 788 ad
887 751 953 788 susei-

149 810 247 859 piendum
255 821 330 860 eorpus
343 808 422 846 Christi
430 821 503 847 verum
511 810 531 847 in
540 808 680 847 Eucharistia.
694 807 866 857 amaricantia
879 817 900 848 et
912 810 954 860 qui-

150 871 196 909 dem
204 871 264 920 juxta
275 870 512 908 hodiernamllcclesiae
523 871 605 919 praxin,
617 870 689 908 missio
702 871 727 908 ad
739 876 817 909 certam
829 871 954 916 Ecclesiam,

150 933 195 970 sive
207 932 322 983 assignatio
335 931 421 983 gregis,
436 931 457 969 in
476 943 536 981 quem
547 938 673 981 potestatem
685 938 794 977 exerceat,
814 932 838 970 ab
850 932 896 982 ipsa
915 932 954 970 Cr-

150 993 254 1032 dinatione
266 1005 328 1031 sacra
340 999 460 1042 separatur,
473 993 512 1038 ita,
531 999 554 1030 ut
564 992 603 1032 hac
615 994 765 1044 inauguratus,
780 993 816 1031 fiat
830 994 953 1043 presbyter,

149 1067 189 1093 non
202 1061 270 1093 autem
285 1054 400 1093 animarum
417 1060 489 1105 pastor
501 1061 522 1092 et
529 1054 601 1103 judex.
618 1054 737 1106 Conceptus
754 1055 847 1105 pastoris
866 1067 953 1104 concep·

150 1125 193 1156 tum
204 1117 289 1170 gregis,
303 1116 336 1155 cui
347 1116 440 1166 praesit,
453 1115 567 1169 assignati,
579 1117 679 1162 involvit:
698 1117 745 1156 hinc
762 1122 856 1168 potestas
870 1116 954 1156 Ordinis

149 1193 187 1230 per
199 1192 222 1218 se
234 1180 278 1218 sola
289 1179 378 1217 nondum
390 1179 478 1225 sufficit,
490 1185 513 1218 ut
531 1179 576 1229 quis
601 1185 662 1217 extra
683 1180 757 1218 mortis
776 1178 892 1229 periculum
915 1179 953 1218 Sa·

150 1248 279 1281 crementum
289 1241 433 1279 Poenitentiae
450 1241 522 1280 oraltde
534 1241 676 1287 administret,
695 1241 731 1279 sed
749 1246 834 1292 praeter
846 1240 953 1280 characte-

149 1316 194 1341 rem
211 1303 364 1342 sacerdotalem
375 1303 406 1341 illi
417 1303 437 1341 in
457 1302 593 1342 Ordinatione
611 1303 721 1348 collatum,
732 1302 852 1352 jurisdictio
874 1315 954 1354 quoque

149 1365 271 1403 necessaria
283 1371 321 1403 est.
446 1402 448 1405 ,

223 1425 490 1478 Jartsdtctto'generatlm
505 1426 581 1465 dicitur
595 1433 699 1477 potestas:
720 1439 780 1477 quam
797 1426 859 1464 hahet
879 1426 953 1477 aliquis

148 1488 169 1525 in
181 1488 243 1526 alium
256 1488 296 1526 sibi
307 1486 421 1532 subditum;
438 1487 458 1525 in
473 1488 581 1538 praesenti
596 1494 664 1526 autem
683 1488 804 1539 quaestione
818 1487 904 1535 definiri
918 1500 953 1537 po·

149 1556 201 1588 test:
213 1549 333 1599 Potestas,
346 1561 390 1601 praa
401 1550 521 1600 sacerdos,
539 1553 566 1588 at
580 1549 667 1600 judea,
685 1552 708 1588 tn
722 1549 817 1589 altercarer
822 1578 830 1598 ,
849 1552 954 1601 tamqnam

148 1614 171 1649 ta
181 1611 293 1649 scalditum
298 1639 306 1661 7
324 1613 456 1649 sententiam
465 1612 515 1661 fert
527 1613 550 1648 tn
566 1612 620 1660 foro
643 1613 801 1660 conscientiae,
820 1623 858 1648 seu
872 1617 895 1649 ut
907 1610 953 1647 aliis

148 1673 226 1721 placet:
244 1683 350 1710 concessa
362 1684 376 1709 a
392 1671 486 1720 lepttimo
500 1670 619 1710 Ecclesiae
633 1674 765 1720 atercpistrata
776 1671 879 1722 facultas
885 1700 893 1721 ,
909 1683 953 1721 po-

149 1736 248 1772 testatem
266 1733 292 1772 de
302 1733 459 1784 peecatoribus
476 1736 499 1771 ta
511 1734 565 1783 foro
577 1735 663 1771 auterno
669 1732 802 1783 jrtdtcandt,
820 1735 844 1771 tn
860 1732 954 1771 ordina·

149 1797 206 1832 ttoate
217 1796 247 1834 ad
254 1794 434 1845 presbyteratam
446 1793 564 1844 collatam,
582 1796 605 1832 ia
616 1798 689 1832 certas
701 1806 812 1845 personas
827 1794 953 1833 exercendi.

148 1857 279 1904 Apotestate
299 1855 383 1894 Ordinis
401 1862 494 1905 potestas
505 1855 660 1904 jurisdictionis
678 1856 757 1900 differt,
774 1861 796 1893 ut
813 1854 910 1893 habilitas
929 1853 953 1891 ad

150 1917 287 1955 exercendum
294 1916 372 1965 judicis
385 1916 506 1965 temporalis
518 1928 592 1954 munus
605 1929 617 1954 a
629 1916 739 1954 collatione
756 1916 849 1954 muneris
864 1915 953 1963 judicia·

149 1977 174 2014 lis
186 1977 237 2027 ipsa.

224 2038 373 2089 Approbatto,
391 2038 409 2075 si
427 2038 480 2076 nude
498 2038 597 2082 sunritur,
614 2040 651 2075 est
664 2044 742 2076 tantum
761 2037 900 2086 testimonium
919 2050 953 2076 au·

150 2098 272 2144 thenticnm,
286 2112 325 2149 quo
337 2099 437 2136 sacerdos
450 2099 570 2152 declaretur
582 2098 668 2136 idoneus
682 2099 706 2136 ad
719 2098 862 2147 excipiendas
872 2098 953 2137 confes·

150 2159 231 2205 siones;
250 2160 297 2198 hinc
315 2159 386 2197 differt
405 2159 525 2209 approbatio
539 2172 550 2196 a
561 2159 722 2208 jurisdictione,
742 2160 789 2209 quia
806 2159 858 2197 haec
881 2166 913 2197 est
932 2172 953 2196 a·

150 2226 195 2258 ctus
202 2221 325 2265 voluntatis,
338 2221 388 2258 dans
400 2226 526 2270 potestatem
539 2222 661 2269 completam
674 2220 800 2265 absolvendi,
812 2220 848 2258 illa
859 2232 909 2258 vero
922 2225 955 2258 est

151 2287 209 2319 actus
220 2282 348 2327 intellectus,
369 2282 486 2320 consistens
499 2282 519 2319 in
534 2282 613 2330 judicio
632 2282 657 2320 de
668 2281 781 2320 idoneitate
793 2281 911 2320 sacerdotis
929 2281 954 2319 ad

150 2342 291 2382 confessiones
300 2342 440 2392 excipiendas.
452 2342 533 2381 Verum
544 2342 583 2388 iis,
596 2342 630 2393 qni
640 2342 787 2393 approbatione
798 2341 906 2393 indigent,
919 2355 953 2380 eo·

150 2403 194 2441 dem
205 2404 349 2451 instrumento,
363 2405 415 2456 qnod
428 2404 597 2455 approbationem
606 2416 678 2442 eorum
686 2410 809 2449 attestatur,
821 2403 879 2443 illico
887 2404 953 2453 juris·

150 2465 211 2504 dictio
225 2479 302 2518 quoque
321 2467 460 2506 Sacramenta
475 2466 643 2512 administrandi,
660 2466 804 2505 confessiones
827 2466 953 2518 excipiendi,

150 2528 276 2574 absolvendi,
289 2530 312 2567 ab
324 2530 376 2580 ipsis
388 2530 498 2580 Episcopis
514 2529 599 2568 concedi
608 2529 674 2574 solet,
686 2529 739 2567 unde
748 2529 778 2575 fit,
790 2535 812 2567 ut
820 2530 899 2579 passim
908 2542 954 2568 eum

145 2589 292 2639 iurisdictione
304 2592 450 2637 confundatur,
467 2598 528 2642 prout
540 2591 653 2641 antiquitus
667 2590 711 2637 jam
723 2590 801 2630 factum
819 2591 885 2629 fuisse
898 2591 953 2641 arbi·

149 2659 237 2690 tramur.
255 2654 282 2689 Et
295 2652 333 2691 hoc
350 2666 413 2692 sensu
429 2659 516 2704 accepta
532 2653 641 2691 definitur:
660 2653 814 2691 Testimonium
827 2652 952 2704 juridicam,

148 2726 187 2765 quo
198 2713 315 2763 Episcopus
333 2715 393 2753 tidem
405 2715 465 2761 facit,
485 2727 508 2752 se
521 2715 546 2752 ad
559 2714 702 2753 confessiones
717 2714 738 2753 in
757 2727 795 2752 sua
810 2714 902 2753 dioecesi
917 2727 952 2754 ex-

147 2775 254 2826 cipiendas
266 2776 329 2829 taleni
341 2777 470 2831 sacerdotem
486 2777 623 2829 approbasse
634 2779 657 2816 et
667 2776 791 2829 deputasse.
803 2777 953 2827 Approbationi

172 2907 187 2953 ¹)
198 2910 242 2944 Cor.
252 2909 286 2943 IV.
298 2911 314 2943 1.
