2056 3193
93 96 138 139 300

92 209 207 258 prudenter
219 221 245 246 ex
256 209 319 248 factis
334 209 429 259 probatio
449 209 548 260 exigitur.
568 210 621 247 Tum
640 211 688 260 quia
704 212 800 251 voluntas
818 212 915 251 sInecra‘

92 269 173 307 nonita
185 276 244 308 certo
255 270 327 313 verbis
346 283 371 309 ac
383 270 480 321 operibus
492 282 515 307 se
527 270 597 320 prodit
615 277 635 308 et
652 270 744 317 indicat,
763 280 805 312 tum
818 273 901 324 quiade

92 331 227 380 dispositione
246 331 271 369 ad
281 332 365 369 veniam
382 330 523 380 recipiendam
538 330 612 369 idonea
630 331 743 370 aestimare
754 346 795 372 non
806 335 831 373 ad
842 346 902 373 reum

91 392 191 440 pertInet,
204 392 240 429 sed
253 391 277 429 ad
286 391 379 440 judicem
391 404 402 429 a
412 391 458 429 Deo
470 392 613 437 constitutum,
625 404 665 429 non
678 392 702 430 ad
714 392 846 444 discipulum,
865 395 901 433 sed

93 451 117 490 ad
130 452 236 490 doctorem
249 458 270 490 et
281 460 387 491 rectorem
400 452 522 497 animarum,
534 464 575 489 non
588 452 612 490 ad
624 465 726 504 aegrum,
745 454 782 491 sed
802 456 826 493 ad
838 456 901 494 medi·

93 525 146 551 cum.
159 514 212 550 Tum
225 513 273 562 quia
284 519 316 552 tot
327 520 375 551 sunt
386 513 406 550 in
419 513 492 550 animis
504 513 583 550 nostris
595 525 703 560 recessus,
716 521 747 552 tot
757 501 859 562 latebrae,
872 523 902 555 tot

92 585 154 623 saepe
166 575 293 623 praesertim
309 581 356 624 post
367 574 444 611 iterata
456 573 545 624 flagitia,
564 574 652 611 nebulae
665 580 686 611 et
697 577 776 613 offusae
794 577 901 622 tenebrae,

92 640 114 671 ut
127 646 149 671 se
161 634 229 683 ipsum
240 641 341 684 peccator
353 645 484 684 cognoscere
496 645 536 670 non
547 634 622 683 possit,
634 633 681 684 quia
694 638 728 683 [ut
741 635 769 673 ait
782 635 804 674 S.
818 636 901 688 Grego-

91 694 149 742 rius]
163 707 240 745 „saepe
254 695 294 733 sibi
306 696 329 733 de
342 706 364 731 se
376 706 434 731 niens
446 694 492 743 ipsa
503 695 613 739 mentitur,
631 695 702 744 fitque,
719 702 742 733 ut
754 696 809 734 aliud
820 697 841 734 in
853 697 901 735 inti·

90 756 130 792 mis
142 755 230 793 intentio
243 756 366 805 supprimat,
378 754 433 791 aliud
444 755 557 792 tractantis
569 755 636 792 animo
648 755 772 804 superficies
791 758 900 807 cogitatio·

91 816 124 853 nis
137 816 240 853 ostendat.
253 818 280 852 Et
292 816 388 866 fingitse
400 815 489 852 debono
502 827 565 864 opere
578 827 656 860 amare,
671 816 725 865 quod
740 829 780 854 non
795 824 861 863 ornat,
876 819 900 856 de

91 876 161 914 mnndi
173 882 242 914 autem
254 876 324 927 gloria
335 888 375 913 non
388 887 466 920 amare,
479 875 532 925 qued
544 882 605 913 amat.
616 867 684 924 'Cujus
696 877 780 927 signnm
792 884 835 924 est,
848 879 901 928 quod

90 938 111 974 in
123 937 297 986 praecedentibus
310 936 477 974 confessionibus
489 936 654 974 emendationem
664 938 806 986 promittebat,
819 945 839 976 et
850 951 900 976 vero

91 1010 114 1035 se
126 998 234 1047 proposito
248 997 305 1036 affici
315 997 408 1046 putabat,
421 1003 521 1034 ettamen
534 997 674 1035 mentiebatur
687 998 727 1035 sibi
737 999 847 1048 iniquitas,
862 1011 901 1037 nee

90 1070 166 1108 reapse
178 1064 270 1096 mutatus
284 1064 337 1102 erat,
350 1058 397 1107 quia
410 1057 481 1094 eadem
493 1064 587 1106 peccata,
600 1058 684 1095 eosdem
694 1059 810 1108 iniquitatis
819 1060 901 1097 fructus

91 1119 156 1157 edidit
163 1119 226 1167 juxta
238 1130 345 1157 commune
357 1117 527 1167 philosophorum
544 1118 639 1156 axioma:
657 1118 714 1156 idem
728 1132 820 1158 1111111111
834 1120 900 1169 idem,

87 1179 219 1230 ficoetidem.
232 1179 288 1216 Idem
300 1191 352 1229 ergo
364 1180 421 1215 Intus
432 1178 453 1215 in
465 1178 528 1216 eorde
540 1179 624 1223 mansit,
636 1179 671 1228 qui
682 1181 754 1217 eadem
765 1180 818 1217 foris
830 1186 901 1229 protu-

89 1240 124 1284 lit,
136 1246 157 1277 ct
169 1237 237 1288 quise
249 1240 318 1287 ipsum
329 1239 392 1276 toties
405 1238 497 1287 decepit,
517 1238 609 1288 seipsum
621 1239 719 1288 decipere
731 1240 841 1277 moraliter
852 1252 900 1290 pru·

90 1300 204 1350 denterque
217 1305 324 1343 censetur,
336 1299 377 1336 nisi
390 1299 484 1337 certiora
496 1298 781 1349 argunrentap1·oducat¹).'’
799 1322 830 1328 —-
845 1301 900 1339 Hinc

89 1367 163 1399 saneta
175 1360 242 1398 Sedes
254 1362 348 1397 Romana
360 1359 498 1409 propositioni
509 1358 557 1398 huie
569 1360 654 1410 nigrum
672 1360 731 1398 theta
743 1361 820 1398 affixit:
834 1362 900 1399 „Poe-

88 1422 163 1459 nitenti
174 1420 258 1458 habenti
271 1420 442 1458 consuetudinem
454 1420 555 1469 peccandi
567 1426 641 1458 eontra
652 1420 722 1471 legem
739 1422 794 1466 Dei,
812 1428 901 1460 naturae

89 1488 124 1520 ant
134 1482 251 1527 Ecclesiae,
271 1482 312 1518 etsi
324 1481 475 1518 emendationis
488 1493 536 1529 spes
548 1481 605 1518 nulla
617 1480 725 1530 adpareat,
743 1494 782 1519 nec
795 1489 827 1519 est
838 1482 900 1519 dene-

88 1543 164 1593 ganda,
176 1554 215 1580 nec
227 1542 342 1580 differenda
354 1541 464 1587 absolutio,
476 1540 584 1579 durnmodo
597 1553 636 1579 ore
645 1537 767 1593 proferat,
787 1554 809 1580 se
822 1542 899 1588 dolere,

90 1610 110 1641 et
121 1609 224 1654 proponat
235 1602 420 1642 ernendauonem,”

163 1665 235 1716 Neque
246 1672 327 1716 pugnat
339 1664 378 1702 boc
390 1676 436 1702 cum
449 1662 530 1702 Christi
541 1664 612 1702 verbis
625 1665 649 1702 ad
661 1664 761 1703 Petrum:
782 1666 841 1704 „Non
854 1665 900 1704 dito

88 1727 203 1777 tibiasque
219 1727 311 1775 septies,
330 1726 366 1763 sed
384 1737 449 1774 usque
467 1726 590 1776 septuagies
609 1724 736 1776 septica-sm
755 1726 828 1763 Voluit
846 1726 900 1764 enim

89 1787 186 1826 Christus
198 1787 231 1825 his
244 1787 314 1825 uerbis
325 1786 413 1824 innuere
424 1785 452 1831 id,
465 1786 518 1836 quod
529 1786 577 1824 ficri
588 1787 667 1836 possit,
679 1799 719 1825 non
732 1793 802 1826 antem
813 1787 899 1826 interdi-

88 1862 145 1895 cere,
158 1849 211 1900 quod
223 1848 332 1899 aliquando
344 1848 391 1886 fieri
403 1847 483 1886 deceat.
495 1847 636 1898 ‘Manifestum
655 1855 702 1893 est,
721 1849 830 1899 peccatori
846 1849 899 1888 bene

88 1912 188 1962 disposite
201 1911 352 1950 absolutionem
365 1909 451 1950 concedi
468 1922 546 1960 posse,
565 1910 658 1961 quanrvis
676 1910 752 1948 millies
770 1912 897 1962 peccaverit.

87 1974 225 2012 Nihilominus
237 1980 305 2012 tamen
319 1973 380 2011 etiam
393 1984 467 2010 verum
480 1979 519 2017 est,
531 1978 642 2023 praestare
655 1973 899 2024 quandoquepeccatori‚

88 2036 142 2074 utin
154 2035 269 2074 remedium
282 2042 302 2073 et
317 2035 435 2073 cantionem
453 2035 555 2072 absolutio
575 2034 691 2073 differatur.
710 2034 768 2073 Istud
787 2034 841 2073 enim
859 2047 899 2073 non

88 2105 121 2136 est
131 2098 216 2148 proprie
231 2097 286 2135 nulle
306 2096 436 2140 condonare,
455 2102 491 2134 ant
509 2095 660 2135 absolutionem
677 2108 766 2146 prorsus
784 2096 898 2148 denegare,

86 2172 161 2197 verum
172 2159 252 2197 morari
263 2159 365 2196 duntaxat
376 2163 397 2195 et
407 2155 539 2206 protrahere,
557 2163 580 2194 nt
591 2157 666 2205 majori
677 2164 751 2206 postea
761 2170 809 2197 eum
827 2158 899 2196 fructu

88 2221 178 2258 etlucro
191 2232 229 2257 suo
242 2219 370 2257 conferatur.
387 2217 444 2266 Quod
462 2218 530 2266 ipsum
548 2229 595 2255 cum
614 2217 636 2256 S.
655 2218 715 2255 Pauli
733 2218 838 2256 sententIa
850 2230 898 2257 con-

87 2281 154 2332 gruit:
168 2280 257 2320 „Omnia
268 2278 319 2318 mihi
329 2279 400 2324 licent,
413 2278 449 2316 sed
461 2290 502 2316 non
514 2278 582 2316 omnia
594 2277 753 2328 expedInnt³).”

160 2342 239 2380 Dilatio
252 2346 366 2391 exasperat
376 2336 531 2390 poenitentem,
550 2339 585 2390 qni
595 2340 628 2378 ira
640 2340 767 2379 exardescet
777 2340 798 2387 ip
818 2340 899 2378 confes·

87 2403 174 2448 sarium,
185 2409 209 2441 ut
219 2404 292 2441 forsan
304 2402 360 2440 hand
371 2412 498 2439 reversurus
511 2401 539 2439 sit
554 2401 579 2440 ad
599 2401 622 2440 S.
641 2400 750 2440 Tribunal.
767 2424 798 2429 —
816 2401 898 2440 Medico

85 2465 142 2502 nulla
153 2463 247 2502 habenda
259 2470 292 2502 est
303 2463 486 2502 ratioclamorum
499 2469 520 2500 et
531 2463 665 2512 querelarum
677 2463 817 2514 aegrotantis,
828 2463 864 2500 ubi
874 2463 898 2499 il·

85 2527 128 2565 lum
140 2531 226 2570 t1·,actat
238 2524 420 2568 sedvaletudInis,
434 2534 495 2572 quam
507 2523 572 2560 eidem
585 2535 702 2572 procurare
715 2530 809 2561 conatur.
823 2523 838 2561 S
859 2523 898 2571 Cy·

85 2588 172 2638 p1Ianus
185 2586 297 2636 delapsis:
317 2586 476 2629 ζ1701111111111,
496 2590 516 2621 et
528 2584 617 2629 clamet,
635 2590 657 2621 et
674 2590 815 2634 conqueratur
833 2597 923 2636 aeger

85 2649 197 2699 impatiens
209 2660 246 2698 per
259 2647 358 2692 dolorem,
371 2647 453 2698 gratias
466 2651 516 2697 aget
527 2645 664 2714 postmodum,
681 2658 728 2684 cum
740 2645 831 2685 senserit
842 2647 897 2685 sani·

85 2710 170 2749 taten1.”
182 2712 210 2748 Et
222 2708 378 2747 Tertullianus
393 2710 446 2748 ‚usi
458 2714 480 2747 et
479 2675 543 2746 bhaec
555 2706 687 2757 perversitas
705 2706 824 2752 hominum,
842 2709 898 2746 salu-

110 2857 126 2897 1)
136 2855 235 2948 Tnnplllg.
245 2855 294 2937 dIsg.
305 2854 333 2936 dzg
339 2854 467 2889 sacramento
477 2854 553 2890 Poenit.
563 2862 605 2897 cap.
616 2854 634 2887 3.
644 2856 692 2896 -21
705 2853 775 2888 Matth.
788 2853 858 2888 XVIII.
867 2854 898 2886 22.

135 2908 175 2929 -1
203 2928 207 2936 .
235 2914 298 2938 or...
322 2925 339 2937 a.
