2030 3193
803 106 832 150 29

30 240 97 271 tamen
114 226 178 269 salus,
193 220 289 272 quamdiu
304 221 391 271 spirant,
407 230 447 256 non
464 225 496 256 est
511 220 650 270 desperanda3
669 232 708 257 non
725 219 779 257 enim
796 232 832 258 no·

31 299 96 331 strum
113 292 144 324 est
159 296 222 322 nosse
239 290 332 333 tempora
346 283 380 321 vel
396 286 510 324 momenta,
527 293 578 330 quae
594 284 659 320 Pater
673 280 744 332 posuit
760 281 781 318 in
796 293 834 319 sua

31 354 143 403 potestate.
155 345 212 383 Unde
225 345 249 383 de
260 356 312 382 novo
325 354 408 393 semper
419 340 492 378 iisdem
503 342 834 388 contestaricommiserationem,

32 409 118 451 consilia
129 413 150 445 51
160 407 239 444 motiva
251 403 400 444 emendationis
418 412 547 452 suggerere,
566 415 641 453 eosque
657 403 697 443 non
711 404 835 454 intermissa

32 471 133 511 charitate
145 481 224 520 urgere
237 473 327 518 oportet,
340 473 363 504 ut
377 463 460 502 tandem
476 462 531 500 serio
547 464 683 513 resipiscant,
701 473 722 504 et
740 466 834 516 quamvis

32 530 111 571 absolvi
121 536 234 580 nequeant,
251 529 341 580 benigne
353 532 428 563 tamen
445 523 560 561 dimittendi
578 530 635 569 sunt,
652 537 677 562 ue
692 527 746 565 forte
762 527 834 566 durius

31 591 111 642 repulsi
122 591 285 635 exacerbantur,
301 595 322 626 et
336 586 406 624 redire
423 585 516 623 timeant.
534 584 574 624 „si
591 585 753 632 confessarius,”
768 589 835 639 inquit

35 654 57 692 S.
70 653 197 704 Gregorius,
210 653 304 692 „animae
315 648 398 698 penitus
410 646 502 696 impurae
515 646 591 684 aditum
603 646 628 684 ad
636 653 834 689 sanctasanctorum

33 714 159 752 interdicere
171 714 261 765 cogitur,
273 717 347 748 tenera
364 721 410 747 cum
426 708 527 746 charitate
543 708 614 746 eodem
629 715 732 747 momento
750 710 771 747 in
790 711 834 759 ejus

34 775 271 816 conversione-laboret,
287 781 419 819 amaramque
434 769 567 814 medicinam,
583 781 623 819 qua
638 770 777 819 poenitentem
793 773 835 809 exi·

34 848 90 874 mere
102 835 179 886 nequit,
192 846 269 878 amore,
281 831 438 869 mansuetudine
451 836 471 868 et
482 830 567 868 lenitate
579 830 662 868 studeat
674 831 797 870 dulcorare”
810 831 835 880 ¹).

33 898 61 934 Et
78 897 100 934 S.
115 896 241 934 Franciseus
258 894 310 938 Xav
326 897 405 930 monet:
429 892 516 930 „Talem
531 897 551 929 te
566 892 608 929 tuis
626 892 739 940 praebeas,
756 894 836 943 qualem

33 959 99 996 bonus
118 958 182 994 Pater
201 954 301 1004 improbis
326 954 385 999 filiis,
409 959 431 990 ut
449 965 552 1002 nunquam
568 953 598 1007 eis
616 954 726 992 consulere
745 955 836 1001 desinas,

36 1018 129 1068 quamvis
142 1029 217 1056 cernas
229 1015 299 1053 multis
312 1028 347 1053 eos
358 1014 415 1052 vitiis
428 1014 551 1065 coopertos”
565 1012 592 1061 Ξ).

108 1081 131 1126 c]
142 1076 270 1127 Fortitudo,
285 1088 324 1125 qua
338 1077 409 1114 valeas
423 1076 541 1125 irrumpere
556 1075 676 1125 iniquitates
689 1075 716 1125 ³).
737 1076 835 1125 Quamvis

35 1139 88 1177 enim
100 1138 252 1177 confessarium
261 1137 371 1187 plurimum
380 1143 455 1174 ornent
463 1137 589 1187 benignitas
599 1137 700 1186 patientia
711 1144 732 1175 et
741 1151 836 1177 mansue-

34 1200 90 1244 tudo,
99 1221 129 1226 —
138 1205 209 1248 utpote
220 1198 331 1249 Evangelii
341 1210 473 1248 praeconem,
484 1198 517 1248 qui
528 1198 700 1244 inisericordiam,
710 1206 731 1237 51
742 1200 837 1251 benigni·

35 1266 98 1297 tatem
108 1261 148 1297 Dei
158 1261 226 1309 palam
238 1259 350 1297 annunciet
361 1259 475 1309 peccatori,
490 1271 576 1308 eumque
593 1259 671 1297 sentire
686 1261 760 1305 faciat,
777 1274 838 1311 quam

36 1321 102 1358 dulcis
115 1327 136 1358 et
148 1321 218 1359 suavis
231 1321 259 1358 sit
267 1321 333 1365 Deus,
349 1327 371 1358 111
387 1333 398 1357 a
412 1320 462 1357 trita
475 1320 564 1358 sceleris
577 1320 612 1358 via
627 1320 694 1369 ipsum
711 1322 838 1368 absterreat,

35 1388 156 1431 moveatque
167 1382 191 1419 ad
204 1382 315 1432 genuinam
324 1381 393 1419 cordis
406 1381 571 1426 conversionem,
584 1387 695 1419 —tamen
712 1383 786 1421 abesse
800 1384 837 1421 mi·

36 1441 89 1479 nime
99 1443 160 1480 debet
171 1442 309 1481 sacerdotalis
320 1442 415 1492 gravitas
424 1448 445 1479 et
450 1442 557 1487 fortitudo,
568 1454 619 1492 quae
632 1442 682 1479 nihil
694 1444 798 1482 imminuit
814 1445 838 1482 de

37 1518 61 1542 ea
74 1504 181 1548 fidelitate,
196 1516 256 1553 quam
266 1504 325 1541 Deus
338 1516 350 1540 a
362 1503 490 1541 confessario
503 1503 599 1552 requirit,
612 1515 678 1553 neque
690 1505 714 1542 (15
725 1505 838 1543 inviolabili

38 1565 167 1608 adhaesione,
180 1576 240 1614 quam
251 1565 295 1615 legi
306 1564 373 1601 debet.
387 1564 458 1602 „Bona
470 1569 502 1601 est
513 1557 666 1609 misericordia,
678 1566 715 1603 sed
727 1577 766 1603 non
779 1567 840 1604 debet

37 1638 83 1663 5555
99 1631 172 1664 contra
182 1625 296 1673 Judieiunr’
311 1622 337 1671 4).
353 1625 412 1663 Haec
430 1624 529 1662 fortitudo
544 1624 675 1674 potissimum
690 1639 729 1664 usu
744 1628 802 1665 venit
818 1628 839 1673 iu

38 1687 170 1730 admonendo,
181 1686 217 1722 ubi
228 1686 273 1723 sine
285 1686 325 1723 ullo
338 1685 441 1723 hominum
452 1691 552 1735 respectu
565 1692 597 1723 est
608 1688 727 1736 usurpanda
732 1702 737 1732 ;
752 1688 773 1725 in
789 1689 839 1727 obli·

37 1747 103 1798 gando
116 1748 141 1785 ad
151 1746 305 1784 restitutionem
317 1746 350 1783 rei
360 1747 394 1784 vel
405 1747 472 1784 famae
483 1746 559 1794 injuste
572 1747 660 1792 ablatae,
679 1749 703 1786 ad
720 1749 839 1788 resarcien-

37 1808 83 1845 (111111
95 1808 191 1845 danmum
208 1807 296 1853 illatum,
310 1807 335 1845 ad
346 1808 458 1845 tollendum
476 1819 559 1852 causas,
579 1820 629 1858 quae
644 1809 665 1845 in
681 1810 776 1858 proxima
790 1823 838 1861 pee-

39 1868 98 1907 eandi
108 1868 219 1907 occasione
233 1868 373 1918 poenitentem
390 1869 529 1913 constituunt,
544 1869 594 1906 licet
610 1869 657 1907 illae
672 1872 780 1919 peccatori
797 1878 839 1910 tam

36 1929 97 1966 utiles
110 1930 158 1975 sint,
171 1941 231 1978 quam
243 1929 320 1967 bomini
331 1930 411 1974 oculus,
426 1942 499 1967 manus
517 1935 538 1966 et
551 1930 614 1978 pedes
633 1932 746 1970 secundum
763 1933 840 1971 doctri-

37 2002 83 2027 nam
104 1990 158 2027 Jesu
177 1988 256 2027 Christi
263 2005 268 2035 ;
292 1990 312 2026 in
335 1990 458 2039 apparandis
479 1990 578 2027 remediis
595 1992 709 2040 poenitenti
723 1994 840 2032 salutiferis

37 2050 130 2100 quamvis
143 2050 219 2088 amaris
224 2065 230 2096 3
242 2050 262 2088 in
274 2050 397 2100 imponenda
409 2050 554 2089 satisfactione
569 2051 643 2090 idonea
655 2059 676 2090 et
687 2054 751 2091 menti
765 2050 840 2093 Eccle-

37 2111 80 2148 siae
93 2117 242 2157 consentanea,
260 2111 347 2161 denique
364 2112 385 2149 in
403 2112 533 2150 absolutione
548 2113 582 2150 vel
599 2112 714 2152 differenda
732 2115 780 2164 quin
797 2116 837 2154 imo

37 2172 165 2223 deneganda,
179 2172 212 2209 ubi
223 2185 312 2211 necesse
323 2173 394 2211 fuerit.
406 2196 436 2201 —
447 2173 528 2211 Verum
537 2173 587 2211 dum
598 2174 719 2213 fortitudine
732 2176 787 2215 aliud
804 2190 839 2215 ex-

37 2238 125 2270 tremum
136 2233 203 2270 mollis
215 2234 339 2283 nimiumque
351 2234 480 2284 indulgentis
491 2233 634 2272 miserationis
650 2236 748 2282 vitamus,
767 2250 840 2276 caven-

37 2293 134 2340 domest,
146 2306 172 2332 ne
183 2293 203 2331 in
216 2295 270 2333 aliud
283 2301 398 2333 extremum
410 2307 474 2345 aeque
485 2295 634 2345 periculosum,
649 2297 785 2337 inclementis
800 2300 841 2338 sci·

37 2354 87 2392 lieet
98 2355 187 2394 detrectet
197 2356 318 2395 incidamus.
331 2356 439 2394 Fortitudo
451 2356 536 2401 efficiat,
546 2369 571 2394 115
582 2357 725 2398 confessarius
730 2359 842 2408 justitiam,

38 2427 98 2465 quam
109 2429 171 2456 sacro
184 2418 253 2457 officio
266 2431 303 2456 suo
316 2418 384 2463 debet,
395 2418 471 2464 laedat,
484 2432 495 2457 e
508 2424 581 2457 eontra
591 2419 710 2471 benignitas
723 2423 841 2462 5111115515-

38 2476 66 2514 tio
85 2480 158 2528 proeul
176 2481 280 2530 repellant
294 2480 456 2527 vehementiam,
476 2480 610 2531 asperitatem
628 2488 648 2519 et
663 2483 770 2530 duritiem,
789 2497 842 2536 quae

38 2538 120 2578 nimium
132 2541 226 2592 rigorem
238 2548 259 2580 et
270 2542 406 2580 severitatem
418 2543 459 2581 sibi
470 2555 573 2594 arrogare
584 2543 641 2582 velit.
653 2544 776 2584 Manifestet
788 2560 841 2586 senr-

37 2611 74 2648 per
85 2603 258 2651 poenitentiarius
271 2604 418 2643 auctoritatem
429 2605 496 2654 patris
509 2611 645 2656 tenerumquo
655 2607 753 2646 affectum
760 2610 841 2648 matris.

38 2660 185 2702 Misericordia
195 2672 329 2715 peecatorem
341 2666 461 2704 consoletur
474 2680 499 2705 ex
507 2666 603 2715 justitiae
614 2667 730 2718 principiis,
747 2676 768 2707 51
779 2670 841 2720 justi-

38 2720 67 2759 tia
78 2732 154 2776 arguat
169 2738 215 2765 eum
230 2740 276 2766 cum
293 2727 415 2766 fortitudine
432 2727 489 2767 intra
504 2728 663 2767 misericordiae
681 2730 765 2769 limites.
789 2731 841 2781 Qua-

38 2790 130 2832 propter,
143 2793 164 2825 ut
177 2788 199 2825 S.
213 2788 279 2839 Greg.
292 2789 321 2826 Μ.
333 2789 411 2839 inquit:
425 2790 531 2839 „Utraque
543 2802 673 2840 summopere
686 2797 734 2830 sunt
745 2794 839 2838 tenenda,

40 2850 233 2865 *Q*

63 2879 78 2917 1)
88 2879 138 2914 Libr.
150 2883 205 2916 Past.
215 2884 237 2917 P.
246 2885 270 2917 u.
279 2902 304 2907 -
313 2886 329 2925 2)
338 2884 390 2918 Lihr.
402 2887 417 2919 l.
427 2895 456 2929 ep.
466 2888 483 2919 7.
493 2905 517 2911 -
525 2888 541 2928 3)
551 2886 605 2920 Eoel.
615 2886 656 2920 vll,
666 2889 684 2921 6.
693 2906 718 2912 -
725 2889 742 2929 4)
751 2888 841 2931 seugu-

88 2929 149 2964 stinus
158 2931 176 2965 iu
185 2932 246 2967 Exod.
256 2944 275 2976 p.
286 2934 316 2966 38.
