2017 3193
876 74 920 118 att

121 199 124 203 '
185 192 234 233 Jam
245 202 297 229 vero
313 194 410 240 quantum
426 192 450 230 ad
469 189 586 228 methodum
601 190 641 228 sibi
653 189 828 241 repraesentandi
841 190 920 236 Deum,

111 255 140 306 pii
151 255 269 304 scriptores
281 251 375 290 diversos
390 257 501 303 procaptu
512 250 617 289 hominum
631 251 703 290 modos
716 250 867 291 commendant.
880 251 921 290 Vel

76 313 79 317 ⁸
112 317 165 356 enim
173 318 196 363 a]
205 326 243 364 ope
254 313 409 365 imaginationis
415 313 563 352 Redemtorem
574 312 613 350 tibi
622 319 772 362 repraesentes
779 313 801 351 in
809 313 920 362 praesepio

107 378 227 428 jacentem,
243 376 277 413 vel
287 375 343 414 intra
353 375 440 414 brachia
450 373 549 424 Virginis
562 372 684 419 cubantem,
700 375 734 412 vel
748 373 859 413 tormentis
872 374 920 412 sub-

111 439 188 482 ditum,
200 437 234 474 vel
246 449 257 474 e
269 449 332 476 cruce
343 437 477 488 pendentem,
495 434 529 471 vel
545 438 568 470 ut
578 433 703 480 Pastorem,
713 436 829 482 Medicum,
850 435 920 487 Magi·

111 506 177 537 strum
190 504 230 536 eto,
242 498 317 536 Praxis
330 498 436 537 excellens
448 502 469 534 ct
480 506 584 544 nunquam
596 494 649 531 satis
663 497 823 535 commendanda
835 504 881 543 est,
893 497 919 544 b)

110 566 133 598 ut
144 571 182 609 opc
194 559 241 597 fidei
252 560 318 598 Deum
330 565 464 610 praesentem
472 556 598 608 cogitemus
610 555 657 593 Hac
664 556 745 593 ratione
757 569 815 595 mens
827 559 885 596 filiali
894 558 919 596 ti-

110 633 168 660 more
176 627 196 659 et
204 620 414 672 charitaterepletur,
423 624 485 658 cauta
493 622 598 655 etattenta
605 616 708 662 redditur,
720 628 746 654 ne
751 617 791 667 ipsi
803 618 919 668 displiceat,

108 683 141 721 v'cl
154 683 241 729 saltem,
258 690 280 722 ut
292 683 351 732 ejus,
364 681 398 731 qui
410 679 478 718 omnia
492 679 609 728 perlustrat
620 684 644 716 et
662 684 784 724 scrutatur,
801 679 919 719 districtum

105 744 206 794 judicium
217 746 361 795 pertimescat.
374 741 414 790 Qui
424 741 444 778 in
456 740 496 778 hoc
508 739 609 777 exercitio
622 739 690 790 magis
702 739 846 789 profecerunt,
859 741 920 779 ctiam

107 805 128 844 in
140 806 210 850 rebus,
223 818 274 856 quae
286 803 384 842 sensibus
396 807 505 851 usurpant,
518 801 593 851 ubique
605 800 687 839 divinae
698 807 741 838 tum
749 801 864 851 sapientiae
879 808 921 840 tum

108 867 245 919 benignitatis
262 864 355 915 vestigia
370 863 483 914 detegunt,
501 875 526 900 ex
537 862 577 907 iis,
590 874 641 912 quae
654 861 783 908 factasunt,
802 863 861 912 quasi
873 863 920 901 toti·

108 928 153 967 dem
166 928 266 980 gradibus
275 926 299 963 ad
308 925 431 962 Creatorem
444 924 582 962 ascendentes
590 921 615 971 ¹).
628 922 689 961 Absit
701 923 802 961 tamenin
814 922 846 960 his
859 936 920 961 exer·

108 989 162 1029 eitiis
175 988 241 1026 omnis
252 987 285 1025 vel
298 986 402 1030 anxietas,
414 985 448 1023 vel
459 983 582 1036 defatigatio
595 983 689 1029 cerebri,
701 984 858 1034 sedpotinsilla
870 997 917 1023 sua-

106 1050 161 1089 viter
173 1055 194 1088 ct
206 1048 273 1087 animo
285 1047 368 1098 penitus
380 1046 492 1097 tranquillo
504 1045 525 1084 in
537 1057 598 1084 usum
610 1042 772 1095 deducantur2).

365 1163 468 1244 illinc
481 1164 657 1235 adspirationcs¹

180 1291 198 1345 ξ.
212 1287 262 1331 169.
274 1292 332 1329 Inter
343 1282 581 1342 peecatorumremcdia
593 1290 719 1342 virtutisque
738 1291 833 1330 subsidia
847 1305 918 1331 nume·

106 1359 180 1392 rantur
198 1355 278 1403 quoquc
295 1353 341 1402 piac
360 1352 525 1402 adspirationes‚
548 1351 621 1402 quibus
638 1353 684 1390 Deo
706 1364 761 1390 nunc
780 1353 917 1392 indubitatam

106 1415 174 1459 fidem,
186 1426 240 1453 nunc
252 1426 309 1464 spem
329 1420 350 1451 et
361 1413 468 1458 fiduciam,
486 1425 541 1451 nunc
553 1411 690 1458 charitatem,
707 1425 767 1460 nune
779 1414 872 1452 dolorem
892 1416 917 1453 de

105 1475 206 1526 peccatis,
218 1475 251 1513 vel
263 1474 509 1525 qualemdemumcunque
527 1474 611 1511 virtutis
630 1486 715 1512 sensum
734 1480 843 1512 testamur.
862 1476 918 1514 Dum

105 1536 159 1574 enim
170 1548 208 1586 per
219 1536 265 1586 pias
277 1536 416 1585 aspirationes
428 1547 487 1573 mens
500 1535 525 1573 ad
536 1535 604 1572 Deum
617 1533 706 1580 anhelat,
718 1535 846 1574 tentationes
855 1537 917 1575 facile

104 1598 226 1642 vincuntur,
238 1597 357 1635 intellectus
370 1596 458 1635 coelesti
468 1596 545 1634 lumine
556 1595 664 1641 imbuitur,
676 1596 767 1647 erigitur
779 1598 875 1643 affectus,
887 1598 917 1636 in-

104 1659 223 1696 flammatur
234 1658 339 1701 voluntas,
359 1657 454 1707 quidquid
473 1663 571 1695 terrenae
589 1656 721 1695 adhaesionis
740 1663 761 1694 et
777 1657 917 1697 deformitatis

105 1725 145 1764 cst,
157 1718 256 1767 paulatim
268 1718 397 1768 detergitur,
416 1724 476 1768 atque
489 1717 536 1756 dum
548 1717 601 1756 hane
613 1717 766 1756 desideriorum
778 1718 917 1769 frequentiam

104 1779 164 1818 nobis
176 1779 301 1817 familiarem
312 1779 426 1823 reddimus,
438 1779 495 1828 ipsos
504 1778 652 1829 quodammodo
660 1778 767 1817 Beatosin
780 1780 838 1818 coelo
847 1793 916 1819 aemu-

103 1841 178 1879 lamur.
190 1838 230 1878 His
242 1839 379 1877 oratiunculis
392 1839 486 1890 quisquis
499 1838 633 1877 Christianae
644 1840 782 1889 perfectionis
795 1841 867 1879 avidus
878 1854 916 1892 pro

104 1901 185 1939 viribus
198 1901 318 1945 adsuescat,
329 1906 353 1938 ut
364 1912 401 1938 cor
413 1912 472 1938 suum
485 1906 506 1937 et
516 1901 645 1939 voluntatem
661 1901 686 1939 ad
697 1902 766 1938 Deum
782 1901 867 1953 erigere
883 1915 917 1941 co·

104 1969 173 2008 netur,
186 1962 220 2001 die
232 1974 257 2000 ae
268 1964 340 2011 nocte,
355 1961 413 2000 dorni
425 1968 446 2000 ct
454 1962 523 2012 foris,
535 1961 776 2009 sedensetamtotano,
789 1963 836 2000 etin
844 1966 917 2002 onmi-

104 2023 146 2062 bns
156 2023 250 2072 nequltia
261 2023 314 2068 suis,
326 2034 378 2072 quac
391 2022 464 2061 exinde
476 2035 516 2061 non
532 2023 655 2069 turbantur,
673 2025 710 2062 sed
724 2024 863 2073 perficiuntur
881 2038 916 2075 po-

104 2084 153 2130 tius,
166 2090 187 2122 et
199 2084 329 2133 expeditiora
341 2081 425 2131 fiunt3).
439 2083 506 2132 Quum
517 2084 583 2135 igitur
590 2083 629 2122 hae
640 2085 715 2122 mentis
728 2084 858 2123 elevationes
866 2087 916 2124 niul-

105 2152 146 2184 tum
158 2145 250 2194 polleant
266 2145 291 2183 ad
309 2144 469 2183 detestationem
485 2145 568 2195 peccati
586 2145 693 2184 commissi
711 2147 834 2197 augendam,
852 2154 873 2185 et
891 2148 916 2185 ad

104 2218 196 2253 amorem
207 2205 293 2243 virtutis
306 2206 412 2254 oppositae
424 2206 565 2251 inserendum,
578 2218 639 2255 quum
651 2219 686 2243 cas
694 2207 739 2243 ferc
748 2207 840 2256 quilibet,
853 2208 916 2245 etiam

104 2267 196 2305 incultus
207 2266 275 2311 horno,
288 2265 306 2302 si
317 2266 350 2302 vel
362 2266 468 2314 paululum
480 2267 570 2316 desuper
583 2267 703 2311 edoceatur,
715 2267 827 2304 instituere
838 2269 916 2313 valeat,

103 2327 137 2372 iis,
150 2333 232 2376 tamque
245 2337 308 2376 opere
319 2325 445 2370 medicinali,
457 2338 495 2375 pro
507 2326 661 2375 poenitentibus
675 2333 745 2364 utetur
763 2327 916 2366 confessarius.

176 2386 269 2426 Materia
279 2386 354 2424 horum
366 2387 478 2424 affectuum
490 2386 570 2425 desumi
587 2393 657 2437 potest
675 2399 700 2425 ex
715 2387 828 2437 Scriptura
846 2402 916 2435 sacra,

104 2448 227 2498 exscriptis
240 2447 281 2486 SS.
293 2448 380 2485 Patrum
396 2447 524 2497 aliorumque
537 2454 646 2486 auctorum
662 2448 741 2497 pietate
757 2452 922 2498 praestantium,

102 2510 136 2546 vel
148 2522 174 2547 ex
184 2508 270 2559 proprio
284 2510 361 2557 affeetu
373 2514 393 2546 et
405 2508 514 2547 devotione
526 2509 698 2558 uniuscujusque.
710 2510 842 2548 Praesertim
856 2512 916 2549 Psal-

88 2569 131 2611 ,mi
142 2570 214 2608 talium
226 2570 370 2620 precationum
382 2569 511 2608 feracissimi
526 2576 575 2608 sunt
590 2570 663 2620 quibus
679 2570 739 2620 quasi
758 2571 843 2609 totidem
861 2573 915 2623 igni·

103 2671 300 2683 ———.—-

128 2734 143 2773 ¹)
154 2733 193 2767 Gir.
202 2736 287 2771 Philoth.
296 2737 318 2771 P.
328 2738 352 2771 ll.
363 2747 380 2771 e.
392 2739 421 2771 13.
430 2757 454 2762 —
463 2742 479 2779 ²)
494 2739 544 2772 Vide
558 2738 652 2782 Alphonsi
661 2739 783 2782 Rodriguez:
797 2740 914 2774 Exercitium

152 2784 276 2824 perfectionis
284 2787 306 2819 P.
319 2787 334 2819 Ι.
341 2789 420 2821 tracti.
430 2807 454 2812 -—
462 2790 479 2829 ³}
488 2788 508 2821 S.
518 2788 613 2832 Aug.1⁴]p.
627 2790 669 2822 121.
680 2787 708 2821 ad‘
715 2788 805 2822 Probam.
816 2789 836 2822 S.
846 2789 914 2829 Chrys.

152 2830 201 2863 hom.
211 2834 240 2865 79.
252 2835 275 2868 ad
288 2835 444 2879 p0p11lum.Lihr.
454 2838 469 2870 l.
480 2837 503 2871 de
514 2837 749 2873 orationcassianedtbr.
760 2840 777 2873 2.
789 2839 811 2871 de
820 2836 913 2871 institutis

152 2887 169 2911 e.
180 2881 209 2913 10.
220 2884 240 2913 ct
249 2881 318 2917 Collat.
329 2887 347 2919 9.
358 2895 375 2919 c.
386 2887 416 2919 35.
