1991 3193
854 203 902 246 Pag.

93 283 109 326 6.
122 282 152 314 61.
162 278 250 321 Regulae
263 276 385 320 prudentiae,
404 276 420 308 si
435 275 479 318 quid
492 277 616 312 manifestare
630 279 731 322 poenitens
745 277 829 320 ipsesa-

163 326 236 361 cerdati
246 325 359 368 permiserit
378 341 814 354 ········
879 326 903 358 89

93 379 110 421 6.
123 379 153 410 62.
164 374 247 409 Vrolatro
257 374 314 417 sirrllr
324 373 471 407 sacramentalis
501 391 813 402 ......
880 376 902 407 91

93 427 110 469 6.
124 427 154 458 63.
165 425 228 458 Casus
237 423 318 466 practici

94 475 112 519 6..
123 475 153 507 61.
162 473 234 506 Modus
244 472 335 507 servandi
345 472 430 516 sigillum
439 472 581 505 sacramentale
626 491 630 499 ·
686 492 691 499 -
747 492 751 499 ·
810 490 814 498 ·

94 524 109 568 6.
123 524 153 556 65.
161 523 213 555 Usus
223 522 337 566 cognitionis
348 531 372 555 ex
382 521 505 555 confessione
515 522 596 554 haustae
626 539 631 547 ·
687 540 691 547 ·
748 540 752 548 -
809 540 814 548 -

385 641 611 713 Parsil.

169 793 204 833 De
215 789 332 846 principiis
347 788 369 831 in
385 788 580 832 administratione
596 789 739 833 Saenameuti
751 789 831 832 Poeni·

377 850 459 893 tentiae
472 851 627 894 observandis.

408 939 633 1007 Sectioi3

168 1036 202 1075 De
215 1038 335 1087 principiis
349 1039 492 1086 perieratibns
503 1040 526 1076 in
537 1040 729 1078 administratione
744 1036 832 1076 Sacra-

303 1099 370 1137 ntenii
381 1098 536 1138 Paenitentiac
548 1101 697 1138 obsera-anais.

95 1181 111 1224 6.
124 1183 154 1214 66.
166 1181 217 1214 Ordo
227 1181 351 1214 dicendorum
379 1198 815 1209 ········
881 1182 905 1213 99

414 1281 589 1345 CaputL

141 1377 175 1416 De
183 1379 302 1428 principiis
311 1378 454 1428 qenai-anons
465 1380 525 1418 eirca
537 1380 698 1427 confessionem
710 1379 859 1418 obscrcamiis.

95 1462 112 1505 §.
126 1464 156 1495 67.
166 1461 241 1495 Divisio
259 1478 817 1489 ..........
872 1462 905 1494 100

363 1558 591 1607 Articulus
618 1561 637 1607 I.

249 1657 296 1695 De
292 1660 406 1707 poenitent
406 1660 452 1696 iam
463 1659 604 1705 confessione
615 1660 751 1708 accipienda.

96 1740 112 1783 6.
126 1741 156 1774 68.
167 1739 263 1783 Obligatro
273 1740 389 1774 coufessaru
399 1742 502 1779 1111111111
512 1741 618 1784 excipiendi
628 1741 771 1775 confessionem
813 1758 817 1766 ·
883 1759 906 1764 -

96 1789 112 1831 §.
126 1791 157 1824 69
167 1788 263 1831 Obligatio
273 1789 387 1821 confessarii
397 1790 483 1832 exigendi
493 1790 636 1822 confessionem
645 1791 756 1828 interrant

95 1836 111 1879 §.
126 1838 155 1870 70.
165 1837 195 1870 De
208 1837 294 1879 peccatis
308 1836 422 1878 venialibus,
437 1841 456 1870 et
470 1838 511 1870 de
504 1838 582 1879 jamiam
596 1838 679 1881 expiatis
693 1842 783 1880 quantum
797 1839 819 1870 ad
854 1841 856 1846 '

165 1886 294 1919 confessionis
304 1886 434 1928 integritatem

95 1937 111 1980 6
126 1936 155 1966 71.
164 1934 195 1966 De
204 1935 291 1976 peccatis
301 1934 363 1967 dubus
380 1952 816 1961 ········

96 1985 112 2028 6.
126 1984 155 2015 72.
165 1982 282 2025 Diligentia'
277 1992 296 2015 m
306 1983 392 2016 examine
402 1983 533 2017 conscientiae
566 2000 817 2009 ·····

95 2035 112 2078 6.
127 2033 156 2064 73.
167 2030 307 2064 Obstaculat
281 2042 298 2064 m
300 2032 411 2074 tegritatem
421 2032 550 2065 confessionis
560 2032 683 2076 impedientia

95 2084 111 2127 6.
126 2081 156 2113 71
167 2080 242 2113 Causae
252 2080 275 2113 ab
285 2080 395 2123 integritate
406 2081 536 2114 confessionis
546 2086 600 2116 certe
610 2085 728 2115 excusantes

96 2133 112 2177 6.
126 2131 156 2163 75.
167 2129 231 2163 Casus
241 2130 339 2173 practicus
381 2147 816 2156 ········

95 2183 111 2226 6.
126 2181 156 2212 76.
126 2179 243 2213 Causae
253 2179 276 2212 111
286 2180 397 2222 integritate
407 2180 538 2214 confessionis
547 2191 585 2214 nou
598 2185 715 2215 excusantes
751 2198 755 2206 ·
812 2198 817 2206 ·

96 2232 112 2273 6.
140 2230 157 2260 7
167 2228 243 2260 Causae
253 2229 397 2260 confessionem
407 2229 506 2261 irritantes

96 2279 113 2324 6.
139 2277 157 2310 8.
167 2275 247 2309 Partitio
258 2276 388 2310 confessionis

127 2230 137 2259 7

128 2278 138 2309 7

109 2328 156 2362 ..79
166 2326 300 2360 Confessiouis
309 2327 372 2359 forma
382 2331 462 2360 externa

109 2376 157 2408 ,89
168 2375 269 2408 Confessio
279 2384 314 2418 per
322 2376 390 2409 literas
401 2380 434 2409 aut
443 2376 580 2409 internuntium
629 2394 634 2402 ·
691 2394 695 2401 ·
753 2394 757 2401 ·
814 2393 818 2401 ·

109 2425 157 2458 .81.
169 2424 270 2459 Confessio
280 2434 316 2469 per
325 2425 451 2469 interpretem

109 2475 158 2507 8.2
166 2474 238 2508 Modus
249 2475 356 2518 excipiendi
366 2476 499 2509 confessiones

109 2524 157 2557 8.3.
167 2523 232 2557 Locus
243 2527 263 2557 et
271 2527 347 2568 tempus
357 2525 480 2568 excipiendae
491 2524 633 2559 confessionis

363 2634 591 2685 Articuius
618 2637 648 2685 ΙΙ.

196 2733 229 2773 De
238 2736 353 2785 poenitent
345 2737 402 2775 tiens
413 2737 446 2776 int
438 2738 579 2787 terrapaniiis
590 2738 637 2776 sine
648 2738 809 2777 emancipandis.

99 2827 116 2866 ἓ
130 2829 160 2862 8¹4.
170 2830 207 2863 Jus
217 2834 237 2864 et
246 2830 336 2875 obligatio
347 2833 462 2867 confessarii
480 2834 602 2878 poenitentes
612 2834 757 2868 examinandi-

99 2875 117 2915 6
131 2878 161 2911 85.
170 2879 254 2914 Materia
263 2881 397 2924 quaestionum
