<?xml version="1.0" encoding="UTF-8"?>
<!DOCTYPE html PUBLIC "-//W3C//DTD XHTML 1.0 Transitional//EN"
    "http://www.w3.org/TR/xhtml1/DTD/xhtml1-transitional.dtd">
<html xmlns="http://www.w3.org/1999/xhtml" xml:lang="en" lang="en">
 <head>
  <title>
</title>
<meta http-equiv="Content-Type" content="text/html;charset=utf-8" />
  <meta name='ocr-system' content='tesseract 3.04.00' />
  <meta name='ocr-capabilities' content='ocr_page ocr_carea ocr_par ocr_line ocrx_word'/>
</head>
<body>
  <div class='ocr_page' id='page_1' title='image "MN42038ucmf_0_0214.png"; bbox 0 0 2056 3193; ppageno 0'>
   <div class='ocr_carea' id='block_1_1' title="bbox 138 120 181 163">
    <p class='ocr_par' dir='ltr' id='par_1_1' title="bbox 138 120 181 163">
     <span class='ocr_line' id='line_1_1' title="bbox 138 120 181 163; baseline 0 0"><span class='ocrx_word' id='word_1_1' title='bbox 138 120 181 163; x_wconf 76' lang='lat'>172</span> 
     </span>
    </p>
   </div>
   <div class='ocr_carea' id='block_1_2' title="bbox 136 233 946 1263">
    <p class='ocr_par' dir='ltr' id='par_1_2' title="bbox 136 233 946 1263">
     <span class='ocr_line' id='line_1_2' title="bbox 136 233 942 281; baseline 0.004 -13"><span class='ocrx_word' id='word_1_2' title='bbox 136 234 188 268; x_wconf 82' lang='lat' dir='ltr'>Nam</span> <span class='ocrx_word' id='word_1_3' title='bbox 201 241 222 269; x_wconf 76' lang='lat' dir='ltr'>et</span> <span class='ocrx_word' id='word_1_4' title='bbox 233 236 286 270; x_wconf 82' lang='lat' dir='ltr'>latro</span> <span class='ocrx_word' id='word_1_5' title='bbox 299 235 357 268; x_wconf 80' lang='lat' dir='ltr'>timot</span> <span class='ocrx_word' id='word_1_6' title='bbox 368 233 451 275; x_wconf 86' lang='lat' dir='ltr'>maium,</span> <span class='ocrx_word' id='word_1_7' title='bbox 464 240 484 268; x_wconf 83' lang='lat' dir='ltr'>ot</span> <span class='ocrx_word' id='word_1_8' title='bbox 496 234 531 269; x_wconf 90' lang='lat' dir='ltr'>ubi</span> <span class='ocrx_word' id='word_1_9' title='bbox 542 240 675 281; x_wconf 78' lang='lat' dir='ltr'>nonpotost,</span> <span class='ocrx_word' id='word_1_10' title='bbox 694 247 732 269; x_wconf 89' lang='lat' dir='ltr'>non</span> <span class='ocrx_word' id='word_1_11' title='bbox 752 236 816 277; x_wconf 82' lang='lat' dir='ltr'>facit,</span> <span class='ocrx_word' id='word_1_12' title='bbox 836 242 856 271; x_wconf 81' lang='lat' dir='ltr'>ot</span> <span class='ocrx_word' id='word_1_13' title='bbox 874 241 942 271; x_wconf 82' lang='lat' dir='ltr'>tamen</span> 
     </span>
     <span class='ocr_line' id='line_1_3' title="bbox 136 290 943 346; baseline -0.004 -14"><span class='ocrx_word' id='word_1_14' title='bbox 136 292 190 332; x_wconf 84' lang='lat' dir='ltr'>tauo</span> <span class='ocrx_word' id='word_1_15' title='bbox 203 299 241 332; x_wconf 82' lang='lat' dir='ltr'>ost.</span> <span class='ocrx_word' id='word_1_16' title='bbox 260 293 317 330; x_wconf 82' lang='lat' dir='ltr'>Deus</span> <span class='ocrx_word' id='word_1_17' title='bbox 331 290 384 327; x_wconf 82' lang='lat' dir='ltr'>onim</span> <span class='ocrx_word' id='word_1_18' title='bbox 397 302 433 328; x_wconf 87' lang='lat' dir='ltr'>oor</span> <span class='ocrx_word' id='word_1_19' title='bbox 452 290 578 346; x_wconf 77' lang='lat' dir='ltr'>interrogat,</span> <span class='ocrx_word' id='word_1_20' title='bbox 597 302 636 328; x_wconf 90' lang='lat' dir='ltr'>uon</span> <span class='ocrx_word' id='word_1_21' title='bbox 653 302 740 330; x_wconf 90' lang='lat' dir='ltr'>manum.</span> <span class='ocrx_word' id='word_1_22' title='bbox 760 292 830 340; x_wconf 81' lang='lat' dir='ltr'>Lupus</span> <span class='ocrx_word' id='word_1_23' title='bbox 847 292 943 330; x_wconf 58' lang='lat' dir='ltr'>vonit&#39;ad</span> 
     </span>
     <span class='ocr_line' id='line_1_4' title="bbox 139 355 943 409; baseline -0.001 -12"><span class='ocrx_word' id='word_1_24' title='bbox 139 360 192 397; x_wconf 78' lang='lat' dir='ltr'>ovile</span> <span class='ocrx_word' id='word_1_25' title='bbox 212 360 292 404; x_wconf 83' lang='lat' dir='ltr'>ovium,</span> <span class='ocrx_word' id='word_1_26' title='bbox 316 357 398 409; x_wconf 78' lang='lat' dir='ltr'>quaerit</span> <span class='ocrx_word' id='word_1_27' title='bbox 415 357 528 405; x_wconf 75' lang='lat' dir='ltr'>invadere,</span> <span class='ocrx_word' id='word_1_28' title='bbox 551 355 631 409; x_wconf 77' lang='lat' dir='ltr'>quamn</span> <span class='ocrx_word' id='word_1_29' title='bbox 646 355 760 409; x_wconf 77' lang='lat' dir='ltr'>jugulare,</span> <span class='ocrx_word' id='word_1_30' title='bbox 783 357 865 408; x_wconf 75' lang='lat' dir='ltr'>quaerit</span> <span class='ocrx_word' id='word_1_31' title='bbox 883 357 943 397; x_wconf 87' lang='lat' dir='ltr'>douo·</span> 
     </span>
     <span class='ocr_line' id='line_1_5' title="bbox 137 419 943 469; baseline 0.001 -12"><span class='ocrx_word' id='word_1_32' title='bbox 137 433 197 465; x_wconf 74' lang='lat' dir='ltr'>raro:</span> <span class='ocrx_word' id='word_1_33' title='bbox 215 420 303 468; x_wconf 75' lang='lat' dir='ltr'>vigilant</span> <span class='ocrx_word' id='word_1_34' title='bbox 320 426 430 469; x_wconf 70' lang='lat' dir='ltr'>pastores,</span> <span class='ocrx_word' id='word_1_35' title='bbox 447 422 525 458; x_wconf 84' lang='lat' dir='ltr'>latrant</span> <span class='ocrx_word' id='word_1_36' title='bbox 543 433 618 464; x_wconf 67' lang='lat' dir='ltr'>carros,</span> <span class='ocrx_word' id='word_1_37' title='bbox 637 419 688 456; x_wconf 84' lang='lat' dir='ltr'>nihil</span> <span class='ocrx_word' id='word_1_38' title='bbox 706 426 788 468; x_wconf 77' lang='lat' dir='ltr'>potest,</span> <span class='ocrx_word' id='word_1_39' title='bbox 809 432 848 457; x_wconf 89' lang='lat' dir='ltr'>nou</span> <span class='ocrx_word' id='word_1_40' title='bbox 868 421 943 465; x_wconf 76' lang='lat' dir='ltr'>aufert,</span> 
     </span>
     <span class='ocr_line' id='line_1_6' title="bbox 137 478 944 526; baseline 0.004 -14"><span class='ocrx_word' id='word_1_41' title='bbox 137 490 176 512; x_wconf 95' lang='lat' dir='ltr'>non</span> <span class='ocrx_word' id='word_1_42' title='bbox 189 478 277 512; x_wconf 75' lang='lat' dir='ltr'>oceidit:</span> <span class='ocrx_word' id='word_1_43' title='bbox 291 480 327 514; x_wconf 81' lang='lat' dir='ltr'>sod</span> <span class='ocrx_word' id='word_1_44' title='bbox 339 485 406 513; x_wconf 81' lang='lat' dir='ltr'>tauron</span> <span class='ocrx_word' id='word_1_45' title='bbox 419 480 480 524; x_wconf 91' lang='lat' dir='ltr'>lupus</span> <span class='ocrx_word' id='word_1_46' title='bbox 492 481 555 521; x_wconf 82' lang='lat' dir='ltr'>vonit,</span> <span class='ocrx_word' id='word_1_47' title='bbox 568 481 626 524; x_wconf 91' lang='lat' dir='ltr'>lupus</span> <span class='ocrx_word' id='word_1_48' title='bbox 638 479 700 513; x_wconf 78' lang='lat' dir='ltr'>rodit.</span> <span class='ocrx_word' id='word_1_49' title='bbox 713 479 814 525; x_wconf 74' lang='lat' dir='ltr'>Numquid</span> <span class='ocrx_word' id='word_1_50' title='bbox 827 480 873 526; x_wconf 89' lang='lat' dir='ltr'>quia</span> <span class='ocrx_word' id='word_1_51' title='bbox 886 492 944 515; x_wconf 79' lang='lat' dir='ltr'>ovem</span> 
     </span>
     <span class='ocr_line' id='line_1_7' title="bbox 137 535 944 590; baseline -0.002 -13"><span class='ocrx_word' id='word_1_52' title='bbox 137 549 175 577; x_wconf 91' lang='lat' dir='ltr'>non</span> <span class='ocrx_word' id='word_1_53' title='bbox 188 535 241 586; x_wconf 82' lang='lat' dir='ltr'>tulit,</span> <span class='ocrx_word' id='word_1_54' title='bbox 253 536 299 577; x_wconf 89' lang='lat' dir='ltr'>idoo</span> <span class='ocrx_word' id='word_1_55' title='bbox 312 537 371 590; x_wconf 84' lang='lat' dir='ltr'>lupus</span> <span class='ocrx_word' id='word_1_56' title='bbox 384 535 448 584; x_wconf 66' lang='lat' dir='ltr'>sumit,</span> <span class='ocrx_word' id='word_1_57' title='bbox 461 542 482 574; x_wconf 80' lang='lat' dir='ltr'>ot</span> <span class='ocrx_word' id='word_1_58' title='bbox 493 536 537 574; x_wconf 86' lang='lat' dir='ltr'>ovis</span> <span class='ocrx_word' id='word_1_59' title='bbox 553 535 621 574; x_wconf 80' lang='lat' dir='ltr'>rodit?</span> <span class='ocrx_word' id='word_1_60' title='bbox 636 536 707 588; x_wconf 82' lang='lat' dir='ltr'>Lupus</span> <span class='ocrx_word' id='word_1_61' title='bbox 727 542 759 573; x_wconf 83' lang='lat' dir='ltr'>est</span> <span class='ocrx_word' id='word_1_62' title='bbox 777 542 845 574; x_wconf 84' lang='lat' dir='ltr'>tamon</span> <span class='ocrx_word' id='word_1_63' title='bbox 864 543 885 575; x_wconf 82' lang='lat' dir='ltr'>ot</span> <span class='ocrx_word' id='word_1_64' title='bbox 902 537 944 575; x_wconf 82' lang='lat' dir='ltr'>fro·</span> 
     </span>
     <span class='ocr_line' id='line_1_8' title="bbox 138 602 944 654; baseline 0.001 -14"><span class='ocrx_word' id='word_1_65' title='bbox 138 615 195 640; x_wconf 86' lang='lat' dir='ltr'>mons</span> <span class='ocrx_word' id='word_1_66' title='bbox 208 610 229 641; x_wconf 78' lang='lat' dir='ltr'>ot</span> <span class='ocrx_word' id='word_1_67' title='bbox 240 610 340 641; x_wconf 80' lang='lat' dir='ltr'>tromons.</span> <span class='ocrx_word' id='word_1_68' title='bbox 352 605 465 654; x_wconf 74' lang='lat' dir='ltr'>Interroga</span> <span class='ocrx_word' id='word_1_69' title='bbox 477 616 529 654; x_wconf 76' lang='lat' dir='ltr'>orgo</span> <span class='ocrx_word' id='word_1_70' title='bbox 541 610 569 649; x_wconf 78' lang='lat' dir='ltr'>tu,</span> <span class='ocrx_word' id='word_1_71' title='bbox 582 602 675 653; x_wconf 85' lang='lat' dir='ltr'>quisquis</span> <span class='ocrx_word' id='word_1_72' title='bbox 686 602 718 641; x_wconf 88' lang='lat' dir='ltr'>vis</span> <span class='ocrx_word' id='word_1_73' title='bbox 727 602 824 652; x_wconf 71' lang='lat' dir='ltr'>judicare</span> <span class='ocrx_word' id='word_1_74' title='bbox 829 617 835 649; x_wconf 69' lang='grc' dir='ltr'><strong>ς</strong></span> <span class='ocrx_word' id='word_1_75' title='bbox 855 609 876 641; x_wconf 81' lang='lat' dir='ltr'>ot</span> <span class='ocrx_word' id='word_1_76' title='bbox 891 602 944 650; x_wconf 79' lang='lat' dir='ltr'>vido,</span> 
     </span>
     <span class='ocr_line' id='line_1_9' title="bbox 137 664 943 713; baseline 0.002 -13"><span class='ocrx_word' id='word_1_77' title='bbox 137 664 156 700; x_wconf 88' lang='lat' dir='ltr'>si</span> <span class='ocrx_word' id='word_1_78' title='bbox 167 670 216 701; x_wconf 84' lang='lat' dir='ltr'>tuno</span> <span class='ocrx_word' id='word_1_79' title='bbox 229 677 268 701; x_wconf 90' lang='lat' dir='ltr'>uon</span> <span class='ocrx_word' id='word_1_80' title='bbox 280 665 333 700; x_wconf 83' lang='lat' dir='ltr'>faris</span> <span class='ocrx_word' id='word_1_81' title='bbox 345 666 406 708; x_wconf 78' lang='lat' dir='ltr'>maie,</span> <span class='ocrx_word' id='word_1_82' title='bbox 420 665 498 712; x_wconf 90' lang='lat' dir='ltr'>quando</span> <span class='ocrx_word' id='word_1_83' title='bbox 511 672 570 712; x_wconf 84' lang='lat' dir='ltr'>potos</span> <span class='ocrx_word' id='word_1_84' title='bbox 582 665 660 708; x_wconf 80' lang='lat' dir='ltr'>fauore,</span> <span class='ocrx_word' id='word_1_85' title='bbox 674 671 694 701; x_wconf 84' lang='lat' dir='ltr'>ot</span> <span class='ocrx_word' id='word_1_86' title='bbox 713 666 736 702; x_wconf 87' lang='lat' dir='ltr'>ah</span> <span class='ocrx_word' id='word_1_87' title='bbox 755 664 837 701; x_wconf 84' lang='lat' dir='ltr'>homino</span> <span class='ocrx_word' id='word_1_88' title='bbox 850 677 889 701; x_wconf 92' lang='lat' dir='ltr'>non</span> <span class='ocrx_word' id='word_1_89' title='bbox 908 678 943 713; x_wconf 83' lang='lat' dir='ltr'>pu·</span> 
     </span>
     <span class='ocr_line' id='line_1_10' title="bbox 137 723 945 765; baseline 0.005 -10"><span class='ocrx_word' id='word_1_90' title='bbox 137 723 186 756; x_wconf 84' lang='lat' dir='ltr'>uiri:</span> <span class='ocrx_word' id='word_1_91' title='bbox 199 729 247 757; x_wconf 83' lang='lat' dir='ltr'>tuno</span> <span class='ocrx_word' id='word_1_92' title='bbox 260 723 320 757; x_wconf 77' lang='lat' dir='ltr'>[iures</span> <span class='ocrx_word' id='word_1_93' title='bbox 332 724 407 757; x_wconf 73' lang='lat' dir='ltr'>Duum.</span> <span class='ocrx_word' id='word_1_94' title='bbox 420 723 484 757; x_wconf 75' lang='lat' dir='ltr'>Nemo</span> <span class='ocrx_word' id='word_1_95' title='bbox 498 730 530 758; x_wconf 85' lang='lat' dir='ltr'>ost</span> <span class='ocrx_word' id='word_1_96' title='bbox 540 724 575 765; x_wconf 86' lang='lat' dir='ltr'>ibi,</span> <span class='ocrx_word' id='word_1_97' title='bbox 591 725 630 758; x_wconf 87' lang='lat' dir='ltr'>nisi</span> <span class='ocrx_word' id='word_1_98' title='bbox 643 729 664 758; x_wconf 93' lang='lat' dir='ltr'>tu</span> <span class='ocrx_word' id='word_1_99' title='bbox 677 724 757 765; x_wconf 80' lang='lat' dir='ltr'>etiile,</span> <span class='ocrx_word' id='word_1_100' title='bbox 777 724 810 759; x_wconf 86' lang='lat' dir='ltr'>cui</span> <span class='ocrx_word' id='word_1_101' title='bbox 829 724 882 759; x_wconf 79' lang='lat' dir='ltr'>facis</span> <span class='ocrx_word' id='word_1_102' title='bbox 903 736 945 759; x_wconf 80' lang='lat' dir='ltr'>ma-</span> 
     </span>
     <span class='ocr_line' id='line_1_11' title="bbox 137 780 945 836; baseline -0.005 -14"><span class='ocrx_word' id='word_1_103' title='bbox 137 783 186 830; x_wconf 83' lang='lat' dir='ltr'>lum,</span> <span class='ocrx_word' id='word_1_104' title='bbox 199 788 219 822; x_wconf 83' lang='lat' dir='ltr'>ot</span> <span class='ocrx_word' id='word_1_105' title='bbox 230 783 296 830; x_wconf 77' lang='lat' dir='ltr'>Deus,</span> <span class='ocrx_word' id='word_1_106' title='bbox 309 781 343 836; x_wconf 86' lang='lat' dir='ltr'>qui</span> <span class='ocrx_word' id='word_1_107' title='bbox 356 781 426 822; x_wconf 74' lang='lat' dir='ltr'>aurbus</span> <span class='ocrx_word' id='word_1_108' title='bbox 438 780 501 821; x_wconf 70' lang='lat' dir='ltr'>vidot,</span> <span class='ocrx_word' id='word_1_109' title='bbox 510 780 571 829; x_wconf 72' lang='lat' dir='ltr'>vim,</span> <span class='ocrx_word' id='word_1_110' title='bbox 583 780 611 821; x_wconf 83' lang='lat' dir='ltr'>ihi</span> <span class='ocrx_word' id='word_1_111' title='bbox 624 781 678 821; x_wconf 83' lang='lat' dir='ltr'>timo.</span> <span class='ocrx_word' id='word_1_112' title='bbox 691 782 768 821; x_wconf 88' lang='lat' dir='ltr'>Parum</span> <span class='ocrx_word' id='word_1_113' title='bbox 777 787 816 829; x_wconf 81' lang='lat' dir='ltr'>ost,</span> <span class='ocrx_word' id='word_1_114' title='bbox 825 780 877 834; x_wconf 85' lang='lat' dir='ltr'>quod</span> <span class='ocrx_word' id='word_1_115' title='bbox 889 780 945 819; x_wconf 83' lang='lat' dir='ltr'>dico:</span> 
     </span>
     <span class='ocr_line' id='line_1_12' title="bbox 137 847 945 893; baseline 0 -8"><span class='ocrx_word' id='word_1_116' title='bbox 137 848 204 892; x_wconf 74' lang='lat' dir='ltr'>Vide,</span> <span class='ocrx_word' id='word_1_117' title='bbox 217 848 245 885; x_wconf 81' lang='lat' dir='ltr'>iti</span> <span class='ocrx_word' id='word_1_118' title='bbox 257 848 305 885; x_wconf 83' lang='lat' dir='ltr'>timo</span> <span class='ocrx_word' id='word_1_119' title='bbox 317 850 399 893; x_wconf 87' lang='lat' dir='ltr'>maium,</span> <span class='ocrx_word' id='word_1_120' title='bbox 412 847 440 884; x_wconf 82' lang='lat' dir='ltr'>ihi</span> <span class='ocrx_word' id='word_1_121' title='bbox 452 849 590 886; x_wconf 82' lang='lat' dir='ltr'>amahonum.</span> <span class='ocrx_word' id='word_1_122' title='bbox 609 848 660 886; x_wconf 74' lang='lat' dir='ltr'>Nam</span> <span class='ocrx_word' id='word_1_123' title='bbox 679 848 719 886; x_wconf 77' lang='lat' dir='ltr'>etsi</span> <span class='ocrx_word' id='word_1_124' title='bbox 738 847 812 885; x_wconf 73' lang='lat' dir='ltr'>timore</span> <span class='ocrx_word' id='word_1_125' title='bbox 832 847 945 885; x_wconf 81' lang='lat' dir='ltr'>Golronnao</span> 
     </span>
     <span class='ocr_line' id='line_1_13' title="bbox 137 908 946 957; baseline 0.002 -14"><span class='ocrx_word' id='word_1_126' title='bbox 137 920 176 944; x_wconf 91' lang='lat' dir='ltr'>non</span> <span class='ocrx_word' id='word_1_127' title='bbox 190 909 242 943; x_wconf 82' lang='lat' dir='ltr'>faris</span> <span class='ocrx_word' id='word_1_128' title='bbox 257 910 340 951; x_wconf 80' lang='lat' dir='ltr'>arulum,</span> <span class='ocrx_word' id='word_1_129' title='bbox 359 909 447 944; x_wconf 89' lang='lat' dir='ltr'>nondum</span> <span class='ocrx_word' id='word_1_130' title='bbox 466 921 488 944; x_wconf 86' lang='lat' dir='ltr'>os</span> <span class='ocrx_word' id='word_1_131' title='bbox 507 910 621 957; x_wconf 80' lang='lat' dir='ltr'>porfootus.</span> <span class='ocrx_word' id='word_1_132' title='bbox 640 909 711 946; x_wconf 81' lang='lat' dir='ltr'><strong>Audeo</strong></span> <span class='ocrx_word' id='word_1_133' title='bbox 730 909 811 946; x_wconf 76' lang='lat' dir='ltr'>dicero:</span> <span class='ocrx_word' id='word_1_134' title='bbox 829 908 853 945; x_wconf 84' lang='lat' dir='ltr'>Si</span> <span class='ocrx_word' id='word_1_135' title='bbox 872 910 946 945; x_wconf 81' lang='lat' dir='ltr'>timoro</span> 
     </span>
     <span class='ocr_line' id='line_1_14' title="bbox 138 965 946 1014; baseline 0 -13"><span class='ocrx_word' id='word_1_136' title='bbox 138 965 251 1001; x_wconf 81' lang='lat' dir='ltr'>Goimnnuo</span> <span class='ocrx_word' id='word_1_137' title='bbox 263 977 302 1001; x_wconf 90' lang='lat' dir='ltr'>non</span> <span class='ocrx_word' id='word_1_138' title='bbox 315 967 367 1001; x_wconf 85' lang='lat' dir='ltr'>faois</span> <span class='ocrx_word' id='word_1_139' title='bbox 379 967 462 1009; x_wconf 83' lang='lat' dir='ltr'>malum,</span> <span class='ocrx_word' id='word_1_140' title='bbox 476 974 508 1002; x_wconf 78' lang='lat' dir='ltr'>ost</span> <span class='ocrx_word' id='word_1_141' title='bbox 521 967 600 1013; x_wconf 81' lang='lat' dir='ltr'>quidem</span> <span class='ocrx_word' id='word_1_142' title='bbox 612 967 632 1001; x_wconf 87' lang='lat' dir='ltr'>in</span> <span class='ocrx_word' id='word_1_143' title='bbox 645 973 665 1002; x_wconf 78' lang='lat' dir='ltr'>te</span> <span class='ocrx_word' id='word_1_144' title='bbox 677 967 736 1009; x_wconf 73' lang='lat' dir='ltr'>fidos,</span> <span class='ocrx_word' id='word_1_145' title='bbox 749 967 797 1014; x_wconf 82' lang='lat' dir='ltr'>quia</span> <span class='ocrx_word' id='word_1_146' title='bbox 810 967 879 1003; x_wconf 76' lang='lat' dir='ltr'>erodis</span> <span class='ocrx_word' id='word_1_147' title='bbox 891 967 946 1002; x_wconf 83' lang='lat' dir='ltr'>sum-</span> 
     </span>
     <span class='ocr_line' id='line_1_15' title="bbox 138 1024 946 1080; baseline -0.004 -12"><span class='ocrx_word' id='word_1_148' title='bbox 138 1041 183 1068; x_wconf 92' lang='lat' dir='ltr'>rum</span> <span class='ocrx_word' id='word_1_149' title='bbox 195 1026 236 1069; x_wconf 79' lang='lat' dir='ltr'>Doi</span> <span class='ocrx_word' id='word_1_150' title='bbox 248 1041 295 1069; x_wconf 82' lang='lat' dir='ltr'>osso</span> <span class='ocrx_word' id='word_1_151' title='bbox 304 1025 411 1080; x_wconf 78' lang='lat' dir='ltr'>judicium.</span> <span class='ocrx_word' id='word_1_152' title='bbox 426 1025 519 1077; x_wconf 80' lang='lat' dir='ltr'>Gaudeo,</span> <span class='ocrx_word' id='word_1_153' title='bbox 539 1026 585 1068; x_wconf 81' lang='lat' dir='ltr'>fidoi</span> <span class='ocrx_word' id='word_1_154' title='bbox 598 1033 655 1076; x_wconf 74' lang='lat' dir='ltr'>tuae,</span> <span class='ocrx_word' id='word_1_155' title='bbox 675 1027 711 1069; x_wconf 81' lang='lat' dir='ltr'>sod</span> <span class='ocrx_word' id='word_1_156' title='bbox 724 1026 789 1069; x_wconf 79' lang='lat' dir='ltr'>adhuc</span> <span class='ocrx_word' id='word_1_157' title='bbox 808 1026 870 1068; x_wconf 80' lang='lat' dir='ltr'>timeo</span> <span class='ocrx_word' id='word_1_158' title='bbox 889 1024 946 1067; x_wconf 80' lang='lat' dir='ltr'>mali-</span> 
     </span>
     <span class='ocr_line' id='line_1_16' title="bbox 138 1092 946 1142; baseline 0 -13"><span class='ocrx_word' id='word_1_159' title='bbox 138 1093 179 1129; x_wconf 79' lang='lat' dir='ltr'>tiao</span> <span class='ocrx_word' id='word_1_160' title='bbox 192 1099 245 1129; x_wconf 79' lang='lat' dir='ltr'>tuae.</span> <span class='ocrx_word' id='word_1_161' title='bbox 266 1092 317 1139; x_wconf 80' lang='lat' dir='ltr'>Quid</span> <span class='ocrx_word' id='word_1_162' title='bbox 325 1100 369 1137; x_wconf 75' lang='lat' dir='ltr'>ost,</span> <span class='ocrx_word' id='word_1_163' title='bbox 383 1092 435 1142; x_wconf 87' lang='lat' dir='ltr'>quod</span> <span class='ocrx_word' id='word_1_164' title='bbox 447 1093 507 1130; x_wconf 81' lang='lat' dir='ltr'>dixi?</span> <span class='ocrx_word' id='word_1_165' title='bbox 525 1092 577 1141; x_wconf 79' lang='lat' dir='ltr'>Quia</span> <span class='ocrx_word' id='word_1_166' title='bbox 589 1094 607 1130; x_wconf 89' lang='lat' dir='ltr'>si</span> <span class='ocrx_word' id='word_1_167' title='bbox 619 1094 693 1131; x_wconf 84' lang='lat' dir='ltr'>timore</span> <span class='ocrx_word' id='word_1_168' title='bbox 710 1093 823 1131; x_wconf 81' lang='lat' dir='ltr'>Gohennao</span> <span class='ocrx_word' id='word_1_169' title='bbox 835 1105 874 1130; x_wconf 91' lang='lat' dir='ltr'>non</span> <span class='ocrx_word' id='word_1_170' title='bbox 893 1092 946 1131; x_wconf 82' lang='lat' dir='ltr'>facis</span> 
     </span>
     <span class='ocr_line' id='line_1_17' title="bbox 138 1152 945 1198; baseline 0.002 -12"><span class='ocrx_word' id='word_1_171' title='bbox 138 1153 220 1194; x_wconf 88' lang='lat' dir='ltr'>malum,</span> <span class='ocrx_word' id='word_1_172' title='bbox 232 1164 271 1187; x_wconf 94' lang='lat' dir='ltr'>non</span> <span class='ocrx_word' id='word_1_173' title='bbox 285 1165 355 1188; x_wconf 85' lang='lat' dir='ltr'>amoro</span> <span class='ocrx_word' id='word_1_174' title='bbox 364 1152 460 1198; x_wconf 76' lang='lat' dir='ltr'>justitiae</span> <span class='ocrx_word' id='word_1_175' title='bbox 473 1153 525 1189; x_wconf 84' lang='lat' dir='ltr'>facis</span> <span class='ocrx_word' id='word_1_176' title='bbox 538 1152 658 1197; x_wconf 76' lang='lat' dir='ltr'>honum’&#39;¹].</span> <span class='ocrx_word' id='word_1_177' title='bbox 677 1154 783 1190; x_wconf 73' lang='lat' dir='ltr'>Consonat</span> <span class='ocrx_word' id='word_1_178' title='bbox 802 1153 910 1189; x_wconf 73' lang='lat' dir='ltr'>doctrinae</span> <span class='ocrx_word' id='word_1_179' title='bbox 923 1152 945 1189; x_wconf 81' lang='lat' dir='ltr'>S.</span> 
     </span>
     <span class='ocr_line' id='line_1_18' title="bbox 138 1209 946 1263; baseline -0.002 -15"><span class='ocrx_word' id='word_1_180' title='bbox 138 1209 251 1263; x_wconf 80' lang='lat' dir='ltr'>Augustini</span> <span class='ocrx_word' id='word_1_181' title='bbox 262 1211 288 1247; x_wconf 93' lang='lat' dir='ltr'>D.</span> <span class='ocrx_word' id='word_1_182' title='bbox 302 1209 394 1248; x_wconf 87' lang='lat' dir='ltr'>Thomas</span> <span class='ocrx_word' id='word_1_183' title='bbox 407 1210 491 1255; x_wconf 78' lang='lat' dir='ltr'>docens,</span> <span class='ocrx_word' id='word_1_184' title='bbox 507 1210 631 1248; x_wconf 78' lang='lat' dir='ltr'>Antiochum</span> <span class='ocrx_word' id='word_1_185' title='bbox 650 1216 784 1259; x_wconf 79' lang='lat' dir='ltr'>peccatorum</span> <span class='ocrx_word' id='word_1_186' title='bbox 800 1211 946 1247; x_wconf 74' lang='lat' dir='ltr'>remissionom</span> 
     </span>
    </p>
   </div>
   <div class='ocr_carea' id='block_1_3' title="bbox 138 1275 950 2305">
    <p class='ocr_par' dir='ltr' id='par_1_3' title="bbox 139 1275 950 1690">
     <span class='ocr_line' id='line_1_19' title="bbox 140 1275 947 1327; baseline 0 -14"><span class='ocrx_word' id='word_1_187' title='bbox 140 1289 178 1314; x_wconf 91' lang='lat' dir='ltr'>uon</span> <span class='ocrx_word' id='word_1_188' title='bbox 192 1289 239 1314; x_wconf 79' lang='lat' dir='ltr'>osso</span> <span class='ocrx_word' id='word_1_189' title='bbox 253 1283 411 1327; x_wconf 81' lang='lat' dir='ltr'>oonsoqrmtum,</span> <span class='ocrx_word' id='word_1_190' title='bbox 424 1275 471 1326; x_wconf 79' lang='lat' dir='ltr'>quia</span> <span class='ocrx_word' id='word_1_191' title='bbox 484 1275 610 1315; x_wconf 79' lang='lat' dir='ltr'>solummodo</span> <span class='ocrx_word' id='word_1_192' title='bbox 623 1275 709 1316; x_wconf 76' lang='lat' dir='ltr'>timebat</span> <span class='ocrx_word' id='word_1_193' title='bbox 720 1288 820 1326; x_wconf 74' lang='lat' dir='ltr'>poenam,</span> <span class='ocrx_word' id='word_1_194' title='bbox 839 1287 878 1314; x_wconf 91' lang='lat' dir='ltr'>uon</span> <span class='ocrx_word' id='word_1_195' title='bbox 892 1286 947 1314; x_wconf 74' lang='lat' dir='ltr'>arna·</span> 
     </span>
     <span class='ocr_line' id='line_1_20' title="bbox 139 1336 947 1387; baseline 0.001 -14"><span class='ocrx_word' id='word_1_196' title='bbox 139 1338 175 1373; x_wconf 89' lang='lat' dir='ltr'>bat</span> <span class='ocrx_word' id='word_1_197' title='bbox 182 1336 293 1383; x_wconf 85' lang='lat' dir='ltr'>justitiam.</span> <span class='ocrx_word' id='word_1_198' title='bbox 308 1338 437 1375; x_wconf 70' lang='lat' dir='ltr'>‚muttoclms</span> <span class='ocrx_word' id='word_1_199' title='bbox 451 1339 531 1375; x_wconf 85' lang='lat' dir='ltr'>uoniam</span> <span class='ocrx_word' id='word_1_200' title='bbox 544 1345 684 1387; x_wconf 77' lang='lat' dir='ltr'>consequutus</span> <span class='ocrx_word' id='word_1_201' title='bbox 692 1339 774 1383; x_wconf 75' lang='lat' dir='ltr'>fuisset,</span> <span class='ocrx_word' id='word_1_202' title='bbox 787 1339 805 1375; x_wconf 91' lang='lat' dir='ltr'>si</span> <span class='ocrx_word' id='word_1_203' title='bbox 817 1351 867 1375; x_wconf 78' lang='lat' dir='ltr'>voro</span> <span class='ocrx_word' id='word_1_204' title='bbox 878 1338 947 1387; x_wconf 77' lang='lat' dir='ltr'>poeni·</span> 
     </span>
     <span class='ocr_line' id='line_1_21' title="bbox 139 1396 947 1445; baseline 0.002 -15"><span class='ocrx_word' id='word_1_205' title='bbox 139 1396 227 1431; x_wconf 81' lang='lat' dir='ltr'>tuissot:</span> <span class='ocrx_word' id='word_1_206' title='bbox 246 1396 334 1431; x_wconf 80' lang='lat' dir='ltr'>sednon</span> <span class='ocrx_word' id='word_1_207' title='bbox 347 1397 418 1432; x_wconf 85' lang='lat' dir='ltr'>hahuit</span> <span class='ocrx_word' id='word_1_208' title='bbox 428 1408 500 1432; x_wconf 80' lang='lat' dir='ltr'>veram</span> <span class='ocrx_word' id='word_1_209' title='bbox 513 1397 668 1443; x_wconf 74' lang='lat' dir='ltr'>poeniteutiam,</span> <span class='ocrx_word' id='word_1_210' title='bbox 688 1398 785 1445; x_wconf 87' lang='lat' dir='ltr'>quianon</span> <span class='ocrx_word' id='word_1_211' title='bbox 799 1410 823 1432; x_wconf 78' lang='lat' dir='ltr'>ox</span> <span class='ocrx_word' id='word_1_212' title='bbox 836 1408 906 1432; x_wconf 84' lang='lat' dir='ltr'>amore</span> <span class='ocrx_word' id='word_1_213' title='bbox 914 1397 947 1443; x_wconf 88' lang='lat' dir='ltr'>ju-</span> 
     </span>
     <span class='ocr_line' id='line_1_22' title="bbox 140 1455 950 1510; baseline -0.001 -14"><span class='ocrx_word' id='word_1_214' title='bbox 140 1455 210 1497; x_wconf 74' lang='lat' dir='ltr'>stitiae</span> <span class='ocrx_word' id='word_1_215' title='bbox 229 1456 253 1497; x_wconf 79' lang='lat' dir='ltr'>do</span> <span class='ocrx_word' id='word_1_216' title='bbox 272 1456 366 1510; x_wconf 77' lang='lat' dir='ltr'>puocatis</span> <span class='ocrx_word' id='word_1_217' title='bbox 382 1455 499 1497; x_wconf 82' lang='lat' dir='ltr'>commissis</span> <span class='ocrx_word' id='word_1_218' title='bbox 518 1455 612 1505; x_wconf 75' lang='lat' dir='ltr'>dolebat,</span> <span class='ocrx_word' id='word_1_219' title='bbox 631 1456 667 1497; x_wconf 84' lang='lat' dir='ltr'>sed</span> <span class='ocrx_word' id='word_1_220' title='bbox 686 1456 761 1497; x_wconf 83' lang='lat' dir='ltr'>timoro</span> <span class='ocrx_word' id='word_1_221' title='bbox 779 1468 870 1510; x_wconf 73' lang='lat' dir='ltr'>poenae,</span> <span class='ocrx_word' id='word_1_222' title='bbox 889 1466 950 1508; x_wconf 79' lang='lat' dir='ltr'>quam</span> 
     </span>
     <span class='ocr_line' id='line_1_23' title="bbox 140 1520 948 1571; baseline 0 -13"><span class='ocrx_word' id='word_1_223' title='bbox 140 1522 270 1570; x_wconf 74' lang='lat' dir='ltr'>expectabat,</span> <span class='ocrx_word' id='word_1_224' title='bbox 282 1523 315 1559; x_wconf 80' lang='lat' dir='ltr'>vol</span> <span class='ocrx_word' id='word_1_225' title='bbox 327 1522 397 1559; x_wconf 79' lang='lat' dir='ltr'>dolore</span> <span class='ocrx_word' id='word_1_226' title='bbox 409 1534 496 1571; x_wconf 80' lang='lat' dir='ltr'>poenae,</span> <span class='ocrx_word' id='word_1_227' title='bbox 512 1534 571 1571; x_wconf 91' lang='lat' dir='ltr'>quam</span> <span class='ocrx_word' id='word_1_228' title='bbox 584 1523 702 1561; x_wconf 77' lang='lat' dir='ltr'>sustinebat</span> <span class='ocrx_word' id='word_1_229' title='bbox 711 1521 736 1570; x_wconf 79' lang='grc'>2).</span> <span class='ocrx_word' id='word_1_230' title='bbox 749 1524 805 1561; x_wconf 82' lang='lat' dir='ltr'>Eooo</span> <span class='ocrx_word' id='word_1_231' title='bbox 822 1522 860 1560; x_wconf 91' lang='lat' dir='ltr'>duo</span> <span class='ocrx_word' id='word_1_232' title='bbox 872 1520 948 1571; x_wconf 87' lang='lat' dir='ltr'>suppli·</span> 
     </span>
     <span class='ocr_line' id='line_1_24' title="bbox 140 1581 948 1632; baseline 0.002 -16"><span class='ocrx_word' id='word_1_233' title='bbox 140 1581 218 1617; x_wconf 83' lang='lat' dir='ltr'>ciorum</span> <span class='ocrx_word' id='word_1_234' title='bbox 231 1594 318 1630; x_wconf 81' lang='lat' dir='ltr'>gonora,</span> <span class='ocrx_word' id='word_1_235' title='bbox 339 1594 390 1629; x_wconf 80' lang='lat' dir='ltr'>quae</span> <span class='ocrx_word' id='word_1_236' title='bbox 408 1583 501 1625; x_wconf 77' lang='lat' dir='ltr'>timebat,</span> <span class='ocrx_word' id='word_1_237' title='bbox 519 1589 634 1626; x_wconf 77' lang='lat' dir='ltr'>aeternum,</span> <span class='ocrx_word' id='word_1_238' title='bbox 653 1584 704 1631; x_wconf 87' lang='lat' dir='ltr'>quod</span> <span class='ocrx_word' id='word_1_239' title='bbox 723 1583 880 1632; x_wconf 65' lang='lat' dir='ltr'>exspectabat,</span> <span class='ocrx_word' id='word_1_240' title='bbox 899 1588 948 1618; x_wconf 81' lang='lat' dir='ltr'>torn·</span> 
     </span>
     <span class='ocr_line' id='line_1_25' title="bbox 140 1639 459 1690; baseline 0 -14"><span class='ocrx_word' id='word_1_241' title='bbox 140 1639 252 1690; x_wconf 85' lang='lat' dir='ltr'>porarium,</span> <span class='ocrx_word' id='word_1_242' title='bbox 266 1639 318 1690; x_wconf 87' lang='lat' dir='ltr'>quod</span> <span class='ocrx_word' id='word_1_243' title='bbox 329 1640 459 1678; x_wconf 65' lang='lat' dir='ltr'>susurretur.</span> 
     </span>
    </p>

    <p class='ocr_par' dir='ltr' id='par_1_4' title="bbox 138 1699 950 2305">
     <span class='ocr_line' id='line_1_26' title="bbox 217 1699 949 1755; baseline -0.001 -11"><span class='ocrx_word' id='word_1_244' title='bbox 217 1699 236 1744; x_wconf 83' lang='lat'>3.</span> <span class='ocrx_word' id='word_1_245' title='bbox 250 1704 289 1743; x_wconf 82' lang='lat' dir='ltr'>Ubi</span> <span class='ocrx_word' id='word_1_246' title='bbox 300 1718 350 1743; x_wconf 81' lang='lat' dir='ltr'>voro</span> <span class='ocrx_word' id='word_1_247' title='bbox 363 1704 471 1755; x_wconf 82' lang='lat' dir='ltr'>poenitens</span> <span class='ocrx_word' id='word_1_248' title='bbox 484 1718 509 1743; x_wconf 75' lang='lat' dir='ltr'>ox</span> <span class='ocrx_word' id='word_1_249' title='bbox 521 1703 604 1745; x_wconf 83' lang='lat' dir='ltr'>dofootu</span> <span class='ocrx_word' id='word_1_250' title='bbox 617 1702 741 1744; x_wconf 74' lang='lat' dir='ltr'>confessarii</span> <span class='ocrx_word' id='word_1_251' title='bbox 759 1701 798 1745; x_wconf 85' lang='lat' dir='ltr'>hoo</span> <span class='ocrx_word' id='word_1_252' title='bbox 811 1701 949 1744; x_wconf 77' lang='lat' dir='ltr'>Sacramenta</span> 
     </span>
     <span class='ocr_line' id='line_1_27' title="bbox 141 1767 950 1816; baseline 0 -14"><span class='ocrx_word' id='word_1_253' title='bbox 141 1778 215 1802; x_wconf 77' lang='lat' dir='ltr'>carere</span> <span class='ocrx_word' id='word_1_254' title='bbox 228 1767 295 1811; x_wconf 80' lang='lat' dir='ltr'>dehet,</span> <span class='ocrx_word' id='word_1_255' title='bbox 309 1774 389 1804; x_wconf 72' lang='lat' dir='ltr'>nortiam</span> <span class='ocrx_word' id='word_1_256' title='bbox 402 1773 441 1810; x_wconf 76' lang='lat' dir='ltr'>ost,</span> <span class='ocrx_word' id='word_1_257' title='bbox 455 1779 521 1815; x_wconf 76' lang='lat' dir='ltr'>neque</span> <span class='ocrx_word' id='word_1_258' title='bbox 539 1768 559 1803; x_wconf 89' lang='lat' dir='ltr'>in</span> <span class='ocrx_word' id='word_1_259' title='bbox 572 1767 610 1804; x_wconf 85' lang='lat' dir='ltr'>hoo</span> <span class='ocrx_word' id='word_1_260' title='bbox 624 1779 673 1805; x_wconf 83' lang='lat' dir='ltr'>casu</span> <span class='ocrx_word' id='word_1_261' title='bbox 685 1775 819 1816; x_wconf 81' lang='lat' dir='ltr'>poooatorom</span> <span class='ocrx_word' id='word_1_262' title='bbox 834 1767 950 1814; x_wconf 82' lang='lat' dir='ltr'>justificari</span> 
     </span>
     <span class='ocr_line' id='line_1_28' title="bbox 140 1825 949 1873; baseline 0.001 -13"><span class='ocrx_word' id='word_1_263' title='bbox 140 1836 209 1872; x_wconf 83' lang='lat' dir='ltr'>posse,</span> <span class='ocrx_word' id='word_1_264' title='bbox 222 1826 262 1861; x_wconf 89' lang='lat' dir='ltr'>uisi</span> <span class='ocrx_word' id='word_1_265' title='bbox 273 1838 310 1873; x_wconf 80' lang='lat' dir='ltr'>per</span> <span class='ocrx_word' id='word_1_266' title='bbox 322 1826 413 1862; x_wconf 83' lang='lat' dir='ltr'>divinum</span> <span class='ocrx_word' id='word_1_267' title='bbox 425 1826 577 1862; x_wconf 74' lang='lat' dir='ltr'>Mediatorrm:</span> <span class='ocrx_word' id='word_1_268' title='bbox 594 1839 647 1864; x_wconf 62' lang='lat' dir='ltr'>„non</span> <span class='ocrx_word' id='word_1_269' title='bbox 667 1827 720 1862; x_wconf 78' lang='lat' dir='ltr'>anim</span> <span class='ocrx_word' id='word_1_270' title='bbox 741 1833 773 1862; x_wconf 83' lang='lat' dir='ltr'>est</span> <span class='ocrx_word' id='word_1_271' title='bbox 790 1827 810 1862; x_wconf 91' lang='lat' dir='ltr'>in</span> <span class='ocrx_word' id='word_1_272' title='bbox 826 1827 893 1873; x_wconf 88' lang='lat' dir='ltr'>aliquo</span> <span class='ocrx_word' id='word_1_273' title='bbox 910 1825 949 1861; x_wconf 91' lang='lat' dir='ltr'>alio</span> 
     </span>
     <span class='ocr_line' id='line_1_29' title="bbox 140 1883 949 1941; baseline -0.006 -14"><span class='ocrx_word' id='word_1_274' title='bbox 140 1887 205 1935; x_wconf 87' lang='lat' dir='ltr'>salus,</span> <span class='ocrx_word' id='word_1_275' title='bbox 219 1892 239 1928; x_wconf 84' lang='lat' dir='ltr'>ot</span> <span class='ocrx_word' id='word_1_276' title='bbox 250 1886 297 1940; x_wconf 84' lang='lat' dir='ltr'>Ipso</span> <span class='ocrx_word' id='word_1_277' title='bbox 310 1892 342 1928; x_wconf 79' lang='lat' dir='ltr'>ost</span> <span class='ocrx_word' id='word_1_278' title='bbox 353 1886 472 1941; x_wconf 74' lang='lat' dir='ltr'>propitiatio</span> <span class='ocrx_word' id='word_1_279' title='bbox 485 1886 570 1926; x_wconf 82' lang='lat' dir='ltr'>nostra’&#39;</span> <span class='ocrx_word' id='word_1_280' title='bbox 582 1883 607 1936; x_wconf 56' lang='lat'>³),</span> <span class='ocrx_word' id='word_1_281' title='bbox 627 1886 653 1927; x_wconf 91' lang='lat' dir='ltr'>Ut</span> <span class='ocrx_word' id='word_1_282' title='bbox 664 1898 715 1925; x_wconf 80' lang='lat' dir='ltr'>voro</span> <span class='ocrx_word' id='word_1_283' title='bbox 734 1886 783 1925; x_wconf 85' lang='lat' dir='ltr'>talis</span> <span class='ocrx_word' id='word_1_284' title='bbox 801 1885 909 1938; x_wconf 78' lang='lat' dir='ltr'>poenitens</span> <span class='ocrx_word' id='word_1_285' title='bbox 925 1883 949 1922; x_wconf 82' lang='lat' dir='ltr'>de</span> 
     </span>
     <span class='ocr_line' id='line_1_30' title="bbox 142 1950 949 2001; baseline -0.001 -13"><span class='ocrx_word' id='word_1_286' title='bbox 142 1952 222 1989; x_wconf 78' lang='lat' dir='ltr'>Christi</span> <span class='ocrx_word' id='word_1_287' title='bbox 234 1953 314 1989; x_wconf 81' lang='lat' dir='ltr'>moritis</span> <span class='ocrx_word' id='word_1_288' title='bbox 327 1953 446 2001; x_wconf 69' lang='lat' dir='ltr'>participet,</span> <span class='ocrx_word' id='word_1_289' title='bbox 466 1959 526 2000; x_wconf 79' lang='lat' dir='ltr'>atquo</span> <span class='ocrx_word' id='word_1_290' title='bbox 546 1952 635 1989; x_wconf 89' lang='lat' dir='ltr'>divinum</span> <span class='ocrx_word' id='word_1_291' title='bbox 654 1953 800 1989; x_wconf 81' lang='lat' dir='ltr'>Rodemtorem</span> <span class='ocrx_word' id='word_1_292' title='bbox 819 1950 876 2000; x_wconf 83' lang='lat' dir='ltr'>quasi</span> <span class='ocrx_word' id='word_1_293' title='bbox 896 1963 949 1989; x_wconf 80' lang='lat' dir='ltr'>ooni-</span> 
     </span>
     <span class='ocr_line' id='line_1_31' title="bbox 140 2011 949 2059; baseline 0.001 -13"><span class='ocrx_word' id='word_1_294' title='bbox 140 2011 262 2059; x_wconf 81' lang='lat' dir='ltr'>prehondat,</span> <span class='ocrx_word' id='word_1_295' title='bbox 274 2018 360 2058; x_wconf 82' lang='lat' dir='ltr'>praoter</span> <span class='ocrx_word' id='word_1_296' title='bbox 372 2018 440 2048; x_wconf 86' lang='lat' dir='ltr'>votum</span> <span class='ocrx_word' id='word_1_297' title='bbox 454 2012 614 2048; x_wconf 76' lang='lat' dir='ltr'>Sacramentum</span> <span class='ocrx_word' id='word_1_298' title='bbox 628 2012 755 2059; x_wconf 73' lang='lat' dir='ltr'>suscipiendi</span> <span class='ocrx_word' id='word_1_299' title='bbox 774 2013 847 2048; x_wconf 76' lang='lat' dir='ltr'>saltum</span> <span class='ocrx_word' id='word_1_300' title='bbox 862 2011 949 2058; x_wconf 80' lang='lat' dir='ltr'>implici-</span> 
     </span>
     <span class='ocr_line' id='line_1_32' title="bbox 141 2070 949 2124; baseline -0.006 -13"><span class='ocrx_word' id='word_1_301' title='bbox 141 2078 191 2119; x_wconf 88' lang='lat' dir='ltr'>tum,</span> <span class='ocrx_word' id='word_1_302' title='bbox 204 2070 302 2110; x_wconf 79' lang='lat' dir='ltr'>contritio</span> <span class='ocrx_word' id='word_1_303' title='bbox 315 2071 410 2124; x_wconf 81' lang='lat' dir='ltr'>porfoota</span> <span class='ocrx_word' id='word_1_304' title='bbox 422 2070 545 2122; x_wconf 78' lang='lat' dir='ltr'>requiritur,</span> <span class='ocrx_word' id='word_1_305' title='bbox 558 2070 605 2122; x_wconf 81' lang='lat' dir='ltr'>quia</span> <span class='ocrx_word' id='word_1_306' title='bbox 617 2070 699 2107; x_wconf 88' lang='lat' dir='ltr'>nonnisi</span> <span class='ocrx_word' id='word_1_307' title='bbox 710 2070 740 2107; x_wconf 87' lang='lat' dir='ltr'>illi</span> <span class='ocrx_word' id='word_1_308' title='bbox 751 2070 887 2107; x_wconf 79' lang='lat' dir='ltr'>remittuntur</span> <span class='ocrx_word' id='word_1_309' title='bbox 899 2070 949 2107; x_wconf 91' lang='lat' dir='ltr'>mul-</span> 
     </span>
     <span class='ocr_line' id='line_1_33' title="bbox 141 2132 950 2190; baseline -0.004 -15"><span class='ocrx_word' id='word_1_310' title='bbox 141 2144 169 2183; x_wconf 83' lang='lat' dir='ltr'>ta,</span> <span class='ocrx_word' id='word_1_311' title='bbox 182 2137 216 2187; x_wconf 86' lang='lat' dir='ltr'>qui</span> <span class='ocrx_word' id='word_1_312' title='bbox 228 2137 300 2175; x_wconf 76' lang='lat' dir='ltr'>dilexit</span> <span class='ocrx_word' id='word_1_313' title='bbox 312 2138 397 2175; x_wconf 88' lang='lat' dir='ltr'>multum</span> <span class='ocrx_word' id='word_1_314' title='bbox 407 2133 433 2184; x_wconf 70' lang='lat'>4).</span> <span class='ocrx_word' id='word_1_315' title='bbox 448 2135 561 2176; x_wconf 68' lang='lat' dir='ltr'>„Charitas</span> <span class='ocrx_word' id='word_1_316' title='bbox 573 2135 677 2182; x_wconf 82' lang='lat' dir='ltr'>inchoata,</span> <span class='ocrx_word' id='word_1_317' title='bbox 695 2134 792 2190; x_wconf 81' lang='lat' dir='ltr'>inchoata</span> <span class='ocrx_word' id='word_1_318' title='bbox 807 2132 892 2184; x_wconf 81' lang='lat' dir='ltr'>justitia</span> <span class='ocrx_word' id='word_1_319' title='bbox 911 2139 950 2181; x_wconf 80' lang='lat' dir='ltr'>ost,</span> 
     </span>
     <span class='ocr_line' id='line_1_34' title="bbox 142 2196 950 2246; baseline -0.002 -12"><span class='ocrx_word' id='word_1_320' title='bbox 142 2197 234 2235; x_wconf 80' lang='lat' dir='ltr'>charitas</span> <span class='ocrx_word' id='word_1_321' title='bbox 253 2198 362 2246; x_wconf 77' lang='lat' dir='ltr'>prosecta,</span> <span class='ocrx_word' id='word_1_322' title='bbox 382 2198 477 2245; x_wconf 73' lang='lat' dir='ltr'>profecta</span> <span class='ocrx_word' id='word_1_323' title='bbox 492 2197 590 2244; x_wconf 87' lang='lat' dir='ltr'>justitia,</span> <span class='ocrx_word' id='word_1_324' title='bbox 612 2196 706 2234; x_wconf 77' lang='lat' dir='ltr'>charitas</span> <span class='ocrx_word' id='word_1_325' title='bbox 724 2197 831 2245; x_wconf 76' lang='lat' dir='ltr'>perfecta,</span> <span class='ocrx_word' id='word_1_326' title='bbox 855 2197 950 2245; x_wconf 82' lang='lat' dir='ltr'>porfoota</span> 
     </span>
     <span class='ocr_line' id='line_1_35' title="bbox 138 2253 265 2305; baseline 0 -12"><span class='ocrx_word' id='word_1_327' title='bbox 138 2253 265 2305; x_wconf 79' lang='lat' dir='ltr'>justitia”⁵).</span> 
     </span>
    </p>
   </div>
   <div class='ocr_carea' id='block_1_4' title="bbox 201 2377 914 2446">
    <p class='ocr_par' dir='ltr' id='par_1_5' title="bbox 201 2377 914 2446">
     <span class='ocr_line' id='line_1_36' title="bbox 201 2377 914 2446; baseline -0.003 -17"><span class='ocrx_word' id='word_1_328' title='bbox 201 2379 315 2446; x_wconf 69' lang='lat' dir='ltr'>obligatio</span> <span class='ocrx_word' id='word_1_329' title='bbox 330 2379 466 2430; x_wconf 75' lang='lat' dir='ltr'>confessarii</span> <span class='ocrx_word' id='word_1_330' title='bbox 480 2379 541 2429; x_wconf 78' lang='lat' dir='ltr'>circa</span> <span class='ocrx_word' id='word_1_331' title='bbox 555 2378 715 2444; x_wconf 74' lang='lat' dir='ltr'>poenitentium</span> <span class='ocrx_word' id='word_1_332' title='bbox 730 2377 894 2428; x_wconf 80' lang='lat' dir='ltr'>contritionem.</span> <span class='ocrx_word' id='word_1_333' title='bbox 912 2399 914 2403; x_wconf 94' lang='lat'>·</span> 
     </span>
    </p>
   </div>
   <div class='ocr_carea' id='block_1_5' title="bbox 142 2497 951 2673">
    <p class='ocr_par' dir='ltr' id='par_1_6' title="bbox 142 2497 951 2673">
     <span class='ocr_line' id='line_1_37' title="bbox 215 2497 950 2558; baseline -0.01 -13"><span class='ocrx_word' id='word_1_334' title='bbox 215 2500 232 2558; x_wconf 64' lang='grc' dir='ltr'>ξ.</span> <span class='ocrx_word' id='word_1_335' title='bbox 247 2497 296 2545; x_wconf 71' lang='grc'>119,</span> <span class='ocrx_word' id='word_1_336' title='bbox 311 2500 411 2553; x_wconf 81' lang='lat' dir='ltr'>Quoniam</span> <span class='ocrx_word' id='word_1_337' title='bbox 425 2500 530 2550; x_wconf 80' lang='lat' dir='ltr'>contritio,</span> <span class='ocrx_word' id='word_1_338' title='bbox 543 2500 588 2541; x_wconf 83' lang='lat' dir='ltr'>sivo</span> <span class='ocrx_word' id='word_1_339' title='bbox 600 2499 694 2554; x_wconf 76' lang='lat' dir='ltr'>perfecta</span> <span class='ocrx_word' id='word_1_340' title='bbox 707 2500 741 2547; x_wconf 89' lang='lat' dir='ltr'>sit,</span> <span class='ocrx_word' id='word_1_341' title='bbox 761 2498 806 2538; x_wconf 84' lang='lat' dir='ltr'>sivo</span> <span class='ocrx_word' id='word_1_342' title='bbox 818 2498 950 2552; x_wconf 78' lang='lat' dir='ltr'>imperfecta,</span> 
     </span>
     <span class='ocr_line' id='line_1_38' title="bbox 142 2565 950 2613; baseline 0 -11"><span class='ocrx_word' id='word_1_343' title='bbox 142 2578 191 2613; x_wconf 82' lang='lat' dir='ltr'>pars</span> <span class='ocrx_word' id='word_1_344' title='bbox 204 2574 236 2603; x_wconf 81' lang='lat' dir='ltr'>ost</span> <span class='ocrx_word' id='word_1_345' title='bbox 248 2567 369 2603; x_wconf 73' lang='lat' dir='ltr'>essentialis</span> <span class='ocrx_word' id='word_1_346' title='bbox 386 2567 521 2604; x_wconf 76' lang='lat' dir='ltr'>Sacramenti</span> <span class='ocrx_word' id='word_1_347' title='bbox 534 2566 691 2609; x_wconf 80' lang='lat' dir='ltr'>Poonitentiao,</span> <span class='ocrx_word' id='word_1_348' title='bbox 712 2565 856 2602; x_wconf 75' lang='lat' dir='ltr'>confessarius</span> <span class='ocrx_word' id='word_1_349' title='bbox 875 2577 950 2602; x_wconf 74' lang='lat' dir='ltr'>curare</span> 
     </span>
     <span class='ocr_line' id='line_1_39' title="bbox 142 2623 951 2673; baseline -0.001 -13"><span class='ocrx_word' id='word_1_350' title='bbox 142 2624 209 2667; x_wconf 80' lang='lat' dir='ltr'>dohet,</span> <span class='ocrx_word' id='word_1_351' title='bbox 222 2637 246 2660; x_wconf 84' lang='lat' dir='ltr'>no</span> <span class='ocrx_word' id='word_1_352' title='bbox 259 2626 286 2661; x_wconf 88' lang='lat' dir='ltr'>sit</span> <span class='ocrx_word' id='word_1_353' title='bbox 298 2625 398 2661; x_wconf 79' lang='lat' dir='ltr'>duntaxat</span> <span class='ocrx_word' id='word_1_354' title='bbox 408 2626 428 2661; x_wconf 89' lang='lat' dir='ltr'>iu</span> <span class='ocrx_word' id='word_1_355' title='bbox 442 2625 540 2673; x_wconf 79' lang='lat' dir='ltr'>spooiom,</span> <span class='ocrx_word' id='word_1_356' title='bbox 557 2625 593 2660; x_wconf 83' lang='lat' dir='ltr'>sod</span> <span class='ocrx_word' id='word_1_357' title='bbox 606 2636 657 2660; x_wconf 84' lang='lat' dir='ltr'>vera</span> <span class='ocrx_word' id='word_1_358' title='bbox 669 2629 689 2659; x_wconf 82' lang='lat' dir='ltr'>ot</span> <span class='ocrx_word' id='word_1_359' title='bbox 701 2624 796 2666; x_wconf 81' lang='lat' dir='ltr'>sincera,</span> <span class='ocrx_word' id='word_1_360' title='bbox 816 2629 836 2659; x_wconf 80' lang='lat' dir='ltr'>ot</span> <span class='ocrx_word' id='word_1_361' title='bbox 854 2623 920 2670; x_wconf 84' lang='lat' dir='ltr'>qualis</span> <span class='ocrx_word' id='word_1_362' title='bbox 939 2636 951 2659; x_wconf 83' lang='lat' dir='ltr'>a</span> 
     </span>
    </p>
   </div>
   <div class='ocr_carea' id='block_1_6' title="bbox 167 2746 951 2883">
    <p class='ocr_par' dir='ltr' id='par_1_7' title="bbox 167 2746 951 2883">
     <span class='ocr_line' id='line_1_40' title="bbox 167 2746 951 2790; baseline 0.001 -11"><span class='ocrx_word' id='word_1_363' title='bbox 167 2752 181 2787; x_wconf 84' lang='lat'>1)</span> <span class='ocrx_word' id='word_1_364' title='bbox 191 2749 254 2788; x_wconf 87' lang='lat' dir='ltr'>Epist.</span> <span class='ocrx_word' id='word_1_365' title='bbox 266 2751 305 2781; x_wconf 74' lang='lat'>178.</span> <span class='ocrx_word' id='word_1_366' title='bbox 317 2750 363 2781; x_wconf 78' lang='lat' dir='ltr'>atius</span> <span class='ocrx_word' id='word_1_367' title='bbox 375 2752 403 2782; x_wconf 84' lang='lat'>19.</span> <span class='ocrx_word' id='word_1_368' title='bbox 415 2768 437 2772; x_wconf 85' lang='lat'>-—</span> <span class='ocrx_word' id='word_1_369' title='bbox 448 2750 535 2787; x_wconf 76' lang='lat' dir='ltr'>2J1ntv.</span> <span class='ocrx_word' id='word_1_370' title='bbox 547 2749 600 2782; x_wconf 73' lang='lat' dir='ltr'>Sunt.</span> <span class='ocrx_word' id='word_1_371' title='bbox 610 2747 662 2780; x_wconf 84' lang='lat' dir='ltr'>Dist.</span> <span class='ocrx_word' id='word_1_372' title='bbox 672 2747 715 2781; x_wconf 81' lang='lat' dir='ltr'>XX.</span> <span class='ocrx_word' id='word_1_373' title='bbox 726 2758 744 2790; x_wconf 83' lang='lat' dir='ltr'>q.</span> <span class='ocrx_word' id='word_1_374' title='bbox 755 2749 772 2780; x_wconf 92' lang='lat'>1.</span> <span class='ocrx_word' id='word_1_375' title='bbox 784 2748 819 2778; x_wconf 83' lang='lat' dir='ltr'>art.</span> <span class='ocrx_word' id='word_1_376' title='bbox 832 2747 848 2778; x_wconf 92' lang='grc'>1.</span> <span class='ocrx_word' id='word_1_377' title='bbox 859 2746 890 2779; x_wconf 87' lang='lat' dir='ltr'>ad.</span> <span class='ocrx_word' id='word_1_378' title='bbox 901 2748 918 2780; x_wconf 92' lang='lat'>1.</span> <span class='ocrx_word' id='word_1_379' title='bbox 928 2766 951 2771; x_wconf 86' lang='lat'><strong>—</strong></span> 
     </span>
     <span class='ocr_line' id='line_1_41' title="bbox 189 2795 950 2833; baseline 0.004 -9"><span class='ocrx_word' id='word_1_380' title='bbox 189 2798 205 2833; x_wconf 66' lang='grc' dir='ltr'>ὃ)</span> <span class='ocrx_word' id='word_1_381' title='bbox 213 2795 292 2825; x_wconf 70' lang='grc' dir='ltr'>ΑοῑΝ.</span> <span class='ocrx_word' id='word_1_382' title='bbox 300 2797 383 2827; x_wconf 59' lang='lat' dir='ltr'>raino.</span> <span class='ocrx_word' id='word_1_383' title='bbox 390 2797 465 2827; x_wconf 82' lang='lat'>11.2.—</span> <span class='ocrx_word' id='word_1_384' title='bbox 472 2799 488 2832; x_wconf 69' lang='lat'>4)</span> <span class='ocrx_word' id='word_1_385' title='bbox 496 2795 626 2826; x_wconf 69' lang='lat' dir='ltr'>Luo.Vii.&#39;47.</span> <span class='ocrx_word' id='word_1_386' title='bbox 633 2795 692 2826; x_wconf 58' lang='grc' dir='ltr'>(ΠΙ-,1.</span> <span class='ocrx_word' id='word_1_387' title='bbox 699 2796 858 2826; x_wconf 73' lang='lat' dir='ltr'>Jo.lll.10.-lt.</span> <span class='ocrx_word' id='word_1_388' title='bbox 865 2797 950 2827; x_wconf 73' lang='lat'>1&#39;4.—-19.</span> 
     </span>
     <span class='ocr_line' id='line_1_42' title="bbox 189 2840 950 2883; baseline -0.005 -8"><span class='ocrx_word' id='word_1_389' title='bbox 189 2842 300 2875; x_wconf 81' lang='lat' dir='ltr'>1V.7.1o.1.</span> <span class='ocrx_word' id='word_1_390' title='bbox 309 2843 362 2874; x_wconf 73' lang='lat' dir='ltr'>Patr.</span> <span class='ocrx_word' id='word_1_391' title='bbox 370 2844 423 2876; x_wconf 70' lang='lat' dir='ltr'>lvo.</span> <span class='ocrx_word' id='word_1_392' title='bbox 434 2842 477 2875; x_wconf 81' lang='lat' dir='ltr'>Jao.</span> <span class='ocrx_word' id='word_1_393' title='bbox 488 2842 502 2873; x_wconf 87' lang='lat'>1.</span> <span class='ocrx_word' id='word_1_394' title='bbox 510 2843 537 2874; x_wconf 76' lang='lat'>12.</span> <span class='ocrx_word' id='word_1_395' title='bbox 549 2841 589 2874; x_wconf 80' lang='lat' dir='ltr'>Cir.</span> <span class='ocrx_word' id='word_1_396' title='bbox 601 2841 653 2883; x_wconf 71' lang='lat' dir='ltr'>Orig.</span> <span class='ocrx_word' id='word_1_397' title='bbox 664 2842 714 2873; x_wconf 81' lang='lat' dir='ltr'>horn.</span> <span class='ocrx_word' id='word_1_398' title='bbox 726 2844 743 2873; x_wconf 77' lang='lat'>2.</span> <span class='ocrx_word' id='word_1_399' title='bbox 754 2850 771 2872; x_wconf 89' lang='lat' dir='ltr'>n.</span> <span class='ocrx_word' id='word_1_400' title='bbox 782 2841 799 2872; x_wconf 63' lang='lat' dir='ltr'>ta.</span> <span class='ocrx_word' id='word_1_401' title='bbox 810 2840 827 2872; x_wconf 94' lang='lat' dir='ltr'>in</span> <span class='ocrx_word' id='word_1_402' title='bbox 837 2841 885 2872; x_wconf 80' lang='lat' dir='ltr'>Lov.</span> <span class='ocrx_word' id='word_1_403' title='bbox 896 2859 918 2864; x_wconf 82' lang='lat'>—-</span> <span class='ocrx_word' id='word_1_404' title='bbox 929 2841 950 2873; x_wconf 84' lang='lat' dir='ltr'>S.</span> 
     </span>
    </p>
   </div>
   <div class='ocr_carea' id='block_1_7' title="bbox 191 2888 950 2987">
    <p class='ocr_par' dir='ltr' id='par_1_8' title="bbox 191 2888 950 2987">
     <span class='ocr_line' id='line_1_43' title="bbox 191 2888 950 2939; baseline -0.008 -8"><span class='ocrx_word' id='word_1_405' title='bbox 191 2893 260 2939; x_wconf 86' lang='lat' dir='ltr'>Chrys.</span> <span class='ocrx_word' id='word_1_406' title='bbox 271 2892 288 2928; x_wconf 93' lang='lat' dir='ltr'>in</span> <span class='ocrx_word' id='word_1_407' title='bbox 297 2893 311 2928; x_wconf 85' lang='lat'>1.</span> <span class='ocrx_word' id='word_1_408' title='bbox 323 2893 367 2928; x_wconf 83' lang='lat' dir='ltr'>Gor.</span> <span class='ocrx_word' id='word_1_409' title='bbox 377 2895 406 2930; x_wconf 67' lang='lat' dir='ltr'>tt.</span> <span class='ocrx_word' id='word_1_410' title='bbox 417 2905 435 2930; x_wconf 90' lang='lat' dir='ltr'>n.</span> <span class='ocrx_word' id='word_1_411' title='bbox 446 2895 464 2930; x_wconf 82' lang='lat'>3.</span> <span class='ocrx_word' id='word_1_412' title='bbox 474 2893 527 2930; x_wconf 85' lang='lat' dir='ltr'>item.</span> <span class='ocrx_word' id='word_1_413' title='bbox 538 2891 555 2927; x_wconf 90' lang='lat' dir='ltr'>in</span> <span class='ocrx_word' id='word_1_414' title='bbox 566 2892 636 2929; x_wconf 79' lang='lat' dir='ltr'>Thess.</span> <span class='ocrx_word' id='word_1_415' title='bbox 648 2891 698 2927; x_wconf 82' lang='lat' dir='ltr'>hom.</span> <span class='ocrx_word' id='word_1_416' title='bbox 712 2890 729 2926; x_wconf 71' lang='lat' dir='ltr'>d.</span> <span class='ocrx_word' id='word_1_417' title='bbox 739 2899 757 2925; x_wconf 87' lang='lat' dir='ltr'>n.</span> <span class='ocrx_word' id='word_1_418' title='bbox 768 2889 785 2925; x_wconf 70' lang='grc'>’4,</span> <span class='ocrx_word' id='word_1_419' title='bbox 796 2909 819 2915; x_wconf 85' lang='grc'><strong>-</strong></span> <span class='ocrx_word' id='word_1_420' title='bbox 829 2889 849 2925; x_wconf 85' lang='lat' dir='ltr'>S.</span> <span class='ocrx_word' id='word_1_421' title='bbox 861 2888 950 2926; x_wconf 74' lang='lat' dir='ltr'>dminus.</span> 
     </span>
     <span class='ocr_line' id='line_1_44' title="bbox 191 2943 950 2987; baseline -0.003 -10"><span class='ocrx_word' id='word_1_422' title='bbox 191 2946 272 2987; x_wconf 73' lang='lat' dir='ltr'>apolog.</span> <span class='ocrx_word' id='word_1_423' title='bbox 282 2945 352 2977; x_wconf 85' lang='lat' dir='ltr'>Dauid.</span> <span class='ocrx_word' id='word_1_424' title='bbox 363 2946 412 2978; x_wconf 82' lang='lat'>1.35.</span> <span class='ocrx_word' id='word_1_425' title='bbox 419 2948 449 2978; x_wconf 59' lang='grc'>49.</span> <span class='ocrx_word' id='word_1_426' title='bbox 456 2947 510 2978; x_wconf 66' lang='lat' dir='ltr'>etto,</span> <span class='ocrx_word' id='word_1_427' title='bbox 521 2964 544 2969; x_wconf 85' lang='grc'>-</span> <span class='ocrx_word' id='word_1_428' title='bbox 553 2948 569 2984; x_wconf 76' lang='lat'>⁵)</span> <span class='ocrx_word' id='word_1_429' title='bbox 576 2946 596 2977; x_wconf 70' lang='lat' dir='ltr'>S⁴</span> <span class='ocrx_word' id='word_1_430' title='bbox 603 2947 650 2987; x_wconf 75' lang='lat' dir='ltr'>Aug.</span> <span class='ocrx_word' id='word_1_431' title='bbox 657 2943 799 2977; x_wconf 77' lang='lat' dir='ltr'>libr.daNatur.</span> <span class='ocrx_word' id='word_1_432' title='bbox 807 2944 888 2977; x_wconf 81' lang='lat' dir='ltr'>etGrat.</span> <span class='ocrx_word' id='word_1_433' title='bbox 895 2954 911 2977; x_wconf 88' lang='lat' dir='ltr'>o.</span> <span class='ocrx_word' id='word_1_434' title='bbox 921 2945 950 2977; x_wconf 82' lang='lat'>70.</span> 
     </span>
    </p>
   </div>
   <div class='ocr_carea' id='block_1_8' title="bbox 0 0 1041 3193">
    <p class='ocr_par' dir='ltr' id='par_1_9' title="bbox 0 0 1041 3193">
     <span class='ocr_line' id='line_1_45' title="bbox 0 0 1041 3193; baseline 0 0"><span class='ocrx_word' id='word_1_435' title='bbox 0 0 1041 3193; x_wconf 95' lang='lat' dir='ltr'> </span> 
     </span>
    </p>
   </div>
  </div>
 </body>
</html>
