2056 3193
120 79 166 122 326

120 193 257 231 obedientiam
270 193 375 237 debenms,
388 194 520 243 parentiores
534 200 554 232 et
566 194 711 240 flexibiliores,
731 195 818 246 denique
836 196 856 233 in
876 197 930 235 omni

120 254 175 292 vitae
188 260 273 293 nostrae
293 255 374 293 ratione
395 255 534 301 sinceriores,
554 255 695 295 certissimum
711 257 794 309 signnm
813 264 846 296 est
865 270 900 297 eas
919 270 931 296 a
964 249 965 256 ¹

120 317 164 354 Deo
177 317 310 367 provenire.o
324 341 353 346 -
365 318 431 356 Lecto
444 323 465 355 et
476 317 610 357 meditatione
626 318 702 357 iterata
721 319 785 371 digna
801 327 856 366 sunt,
878 333 930 371 quae
986 317 988 320 ’

120 379 152 416 vir
165 379 291 417 venerabilis
305 380 413 430 aKernpis
425 380 445 417 in
458 379 511 419 fibro
524 381 548 418 de
564 380 681 420 imitatione
701 379 779 420 Christi
796 383 820 421 de
840 382 930 422 diversis

120 440 215 479 rantibus
227 444 323 480 rrotoroc
334 445 356 480 ct
364 445 452 490 practicae
464 442 559 489 t1·adft¹).

194 499 220 549 6)
233 501 313 550 Quanto
327 503 395 553 magis
408 509 476 541 antem
491 504 511 540 in
528 503 606 540 virtute
627 508 647 540 et
666 503 796 559 perfectione
814 503 930 553 hujusmodi

120 574 223 611 personae
235 563 371 612 profecerint,
385 570 442 602 tanto
455 563 522 615 magis
535 575 573 601 eos
589 565 665 601 timere
682 563 763 602 doceat.
782 565 840 611 Nam,
862 571 883 603 ut
902 565 931 604 ait

120 624 143 661 S.
155 624 287 670 Arnbrosius,
299 630 375 674 quanto
384 625 519 663 excellentius
531 624 551 661 iu
560 623 661 662 mandatis
673 624 713 662 Dei
725 625 799 674 quique
810 626 930 674 proficiunt,

120 690 176 722 tanto
189 684 280 733 majores
292 684 369 724 habent
381 697 456 723 causas
468 685 585 723 formidinis
598 691 618 722 et
630 685 736 729 tremoris,
749 697 774 723 ue
787 685 811 722 de
823 686 928 736 ipsispro·

120 745 191 783 bitatis
204 747 334 797 argumentis
347 758 405 783 mens
417 747 469 784 bene
482 746 521 784 sibi
534 746 626 791 conscia,
640 751 659 783 et
672 746 739 784 laudis
752 745 811 784 avida
823 745 843 784 in
857 759 929 797 super·

120 806 166 844 biae
179 806 272 856 rapiatur
285 819 394 851 excessus,
407 814 427 845 et
439 807 475 845 fiat
486 807 590 844 immunda
606 806 706 852 vanitate,
726 808 772 845 dum
789 807 828 845 sihi
847 808 930 846 videtur

120 868 177 905 clara
189 866 314 915 virtute²].’'
329 868 398 917 Saepe
411 868 501 918 expedit,
517 868 595 905 animas
608 867 690 905 eximiis
709 880 720 905 a
734 869 779 906 Deo
795 869 853 906 donis
869 881 929 907 orna·

120 935 152 966 tas
171 928 275 978 sibiipsis
288 929 412 975 subducere,
424 933 489 981 qtrcrsi
500 941 537 978 per
550 935 669 967 contentum
682 941 764 975 eorum,
782 941 835 979 quae
856 942 929 968 recen·

120 995 174 1034 sent,
187 1001 212 1027 ne
225 990 243 1026 si
256 990 377 1028 ostendatur
389 991 515 1035 aestimatio,
527 991 569 1028 iliis
581 996 720 1040 praeparetur
732 990 793 1028 ruina
807 1003 845 1040 per
857 1003 929 1040 super-

120 1050 188 1095 biam,
201 1049 249 1088 hinc
260 1051 280 1088 in
294 1051 424 1089 obscuritate
437 1052 504 1101 aliqua
517 1051 653 1089 continendae
665 1057 719 1095 sunt,
738 1058 811 1089 utnon
824 1051 893 1091 sciant
907 1064 930 1090 se

120 1111 184 1156 scire,
197 1111 229 1148 vel
241 1111 299 1149 sciri.

450 1229 602 1283 Confirmatio.

194 1353 211 1405 ξ.
225 1351 276 1392 221.
289 1351 314 1401 i]
328 1354 406 1402 Quodsi
418 1367 469 1404 quae
488 1367 577 1404 persona
596 1355 749 1399 adverteretur,
765 1367 813 1392 esse
830 1356 850 1393 iu
867 1356 930 1393 rebus

120 1414 206 1465 agendis
218 1416 339 1451 tenacioris
344 1415 433 1463 judicii,
447 1415 540 1452 suaviter
553 1414 679 1452 dedocendo
690 1415 752 1451 foret.
771 1416 829 1452 Deus
841 1427 878 1464 per
894 1415 929 1452 ho-

112 1475 186 1511 ,mincs
199 1485 236 1510 nos
249 1474 343 1524 dirigere
356 1475 380 1511 ad
396 1474 547 1523 perfectionem
565 1475 643 1518 voluit,
663 1480 683 1511 ut
702 1474 806 1512 discamus
824 1475 930 1513 humiliter

121 1534 205 1571 obedire
210 1549 216 1579 ς
229 1534 310 1571 animae
322 1534 430 1583 prudentis
443 1541 482 1580 est,
495 1546 613 1583 proponere
626 1534 706 1583 quidem
718 1534 821 1579 firmiter,
841 1547 880 1572 non
899 1541 929 1572 ta·

119 1606 165 1631 men
177 1594 207 1631 ita
219 1594 331 1631 obfirmare
343 1595 431 1632 animum
451 1595 475 1631 ad
488 1595 564 1643 aliquid
577 1594 680 1644 agendum
694 1595 727 1631 vel
744 1593 890 1639 omittendum,
908 1600 930 1632 ut

120 1654 204 1691 ructatis
218 1655 287 1691 causis
307 1661 327 1691 et
342 1654 506 1692 circumstantiis
521 1655 632 1691 immutare
651 1662 725 1690 senon
741 1655 805 1699 sinat;
821 1667 859 1692 nec
872 1666 929 1692 mens

119 1714 148 1751 ita
161 1714 270 1770 defigenda
282 1721 314 1751 est
326 1715 346 1751 iu
360 1727 419 1751 unam
431 1727 483 1759 rem,
496 1720 519 1751 ut
531 1715 555 1752 ad
568 1714 608 1751 alia
620 1715 675 1751 forte
687 1715 756 1765 magis
768 1715 827 1753 utilia
844 1715 877 1752 vel
895 1727 929 1751 nc·

120 1775 215 1813 cessaria
227 1775 326 1813 reddatur
338 1775 405 1813 mimis
418 1781 472 1824 apta.
486 1776 561 1813 Tutius
574 1782 606 1813 est
617 1775 682 1813 fidere
695 1775 761 1814 alieno
774 1776 881 1825 prudentis
896 1776 929 1824 ju-

120 1836 181 1880 dicio,
201 1848 260 1886 quam
272 1837 367 1886 proprio,
387 1836 460 1874 melior
473 1842 505 1873 est
517 1836 644 1881 obedientia,
663 1849 723 1886 qnam
738 1837 834 1883 victima,
854 1837 931 1886 optima

120 1897 213 1947 probatio
226 1898 349 1936 obedientia.

194 1956 219 2007 8]
233 1959 311 2008 Quodsi
323 1960 413 2006 eveniat,
426 1961 488 1999 talem
500 1972 618 2010 personam,
632 1960 684 2010 qtrod
696 1959 743 1998 fieri
754 1966 831 2011 potest,
845 1960 884 1998 etsi
897 1973 929 1999 ra·

123 2023 167 2060 rius
180 2022 297 2074 contingat,
309 2022 353 2061 lobi
366 2025 386 2061 in
399 2022 479 2061 detltole
488 2025 615 2074 peccorum,
628 2023 771 2061 confessarius
784 2023 930 2075 cambenigne

121 2084 219 2134 excipiat,
232 2097 271 2123 nec
284 2084 325 2122 ulla
339 2085 384 2123 edat
397 2085 459 2136 sigua
471 2084 614 2122 admirationis
627 2085 826 2136 autiudignationis,
839 2097 876 2123 uec
885 2097 929 2123 eam

122 2145 211 2194 dejiciat.
225 2144 276 2193 Quid
290 2147 343 2184 enim
356 2146 437 2191 mirum,
450 2147 491 2184 fabi
502 2145 619 2184 hominem?
639 2146 693 2184 Caro
713 2152 812 2195 corrupta
828 2159 893 2195 prona
909 2147 929 2184 in

121 2207 195 2245 rnatum
208 2213 240 2244 est
252 2208 276 2245 ab
289 2207 441 2251 adolescentia,
460 2220 498 2246 nec
517 2208 548 2246 sic
564 2208 634 2258 gratia
652 2214 747 2245 naturam
760 2207 889 2252 consolidat,
909 2213 930 2245 ut

120 2269 175 2307 nulla
188 2269 239 2305 rima
251 2277 337 2318 peceato
349 2275 427 2319 pateat,
440 2269 514 2307 mirum
526 2269 605 2318 potius,
625 2268 677 2318 quod
695 2275 751 2317 post·
760 2270 839 2317 lapsum
859 2269 930 2306 confu-

121 2331 179 2368 sione
191 2330 264 2379 plcnus
277 2343 300 2368 se
313 2337 406 2369 accuset.
421 2329 510 2369 Caecum
522 2330 565 2368 tabi
575 2330 595 2366 in
608 2329 690 2367 foveam
702 2341 761 2367 nemo
779 2329 879 2373 mirator,
895 2342 928 2366 uc-

121 2404 151 2429 nro
165 2391 183 2428 ei
198 2390 330 2442 indignatur,
349 2392 385 2429 scd
397 2403 479 2429 manum
499 2392 518 2428 ei
534 2391 600 2441 quiris
615 2391 716 2428 benevole
733 2390 826 2440 praebet.
845 2390 883 2427 Ubi
899 2390 930 2428 sic

123 2454 193 2501 lapsus
206 2452 246 2490 sibi
257 2451 392 2490 vehementer
404 2452 532 2504 indignatur,
544 2458 615 2502 potest
625 2453 643 2489 is
657 2453 745 2490 effectus
758 2463 806 2489 esse
818 2464 844 2489 ex
853 2452 930 2501 gratia,

121 2519 191 2563 potest
203 2514 264 2552 etiam
278 2514 396 2563 adjunctam
412 2513 489 2551 habere
501 2513 630 2563 superbiam,
650 2512 796 2557 existimantis,
815 2513 877 2550 talem
896 2525 929 2552 ca·

120 2587 166 2613 sum
179 2575 218 2612 sibi
230 2576 314 2614 evenire
326 2588 366 2614 non
379 2575 483 2613 debuisse.
495 2574 586 2612 Proinde
599 2573 747 2613 confessarius·
756 2586 828 2612 aurum
841 2574 931 2613 ascoria

120 2643 204 2688 purget,
217 2637 374 2688 praemissoque
381 2637 440 2686 justo
454 2628 525 2675 dolore
538 2636 674 2674 acerbitatem
694 2648 774 2673 onmem
790 2648 815 2673 cx
832 2635 931 2685 superbia

120 2704 189 2736 natam
201 2698 267 2742 tofiat,
281 2704 301 2735 et
312 2699 450 2747 poenitentem
464 2698 488 2736 ad
500 2710 561 2748 spem
572 2699 594 2734 et
604 2698 741 2747 alteritatem,
755 2704 775 2735 et
786 2695 931 2735 ltnmtlttofeor

121 2759 205 2797 excitet.

145 2892 160 2929 1)
170 2889 223 2924 Libr.
233 2892 250 2923 3.
261 2900 277 2924 c.
286 2890 316 2923 11.
327 2908 350 2913 -
360 2889 374 2931 ²)
384 2891 447 2933 Epist.
457 2891 487 2924 81.
