2056 3193
162 80 191 123 54

163 261 204 295 {tect
210 254 494 308 poeaitentiampreponere,
508 258 548 292 cut
557 252 717 292 ahsolutionem
723 254 843 304 inpertire.
852 253 889 291 Sic
901 253 964 292 Oone.

164 318 236 356 Carth.
249 317 283 353 ΙΙΙ.
297 325 348 351 anno
361 309 412 352 397.
426 314 554 353 celebratum
567 313 649 352 exhibet
667 311 717 351 Oan.
731 310 779 352 32:
796 313 924 362 „Presbyter
935 315 965 352 iu-

164 378 256 417 consulto
274 373 379 424 Episcopo
397 387 438 413 non
453 375 577 413 reconciliet
590 372 741 423 poenitentem,
758 374 799 416 uisi
813 373 899 413 absente
916 375 965 424 Epi·

163 449 224 485 scopo
237 441 257 472 et
268 434 398 472 necessitate
410 434 519 486 urgente.”
533 434 612 471 Similis
625 432 695 470 Oanou
707 435 789 472 occurit
799 434 820 472 in
833 435 920 472 coneilio
932 435 965 471 Ili·

162 497 255 534 beritano
271 507 324 532 anuo
340 492 391 534 301.
408 503 429 533 et
447 493 518 531 Oartli.
535 495 560 531 ΙΙ.
576 490 633 538 390,
651 493 701 531 Oan.
714 490 734 537 4.
746 496 778 532 Ne
790 495 835 544 quis
852 507 902 532 vero
914 495 966 534 haee

161 557 185 593 de
196 555 325 604 poenitentia
341 562 361 592 et
376 554 504 592 absolutione
519 554 602 602 publica
616 560 696 591 tannim
708 553 845 604 intelligenda
861 567 908 593 esse
924 556 966 605 opi·

160 622 231 662 netur,
256 621 335 654 statuta
353 614 445 653 Herardi
464 615 608 653 'rouronensis
625 614 645 652 in
671 614 787 664 oppositum
805 622 915 664 premunt,
931 616 966 656 ubi

161 678 245 716 Oenone
258 674 300 717 'lflffl
312 677 405 715 adinstar
418 676 561 715 commentarii
573 676 603 715 sic
621 675 723 716 habetur:
750 676 920 726 ..etpresbyteri
942 678 966 717 de

160 739 253 779 occentu
258 739 363 789 jussione
370 737 469 788 Episcopi
476 737 606 787 poenitentes
614 737 758 776 reconcilient.
767 738 872 777 Jamvero
885 740 967 779 occulta

159 809 249 853 peecata
260 801 354 852 publicae
372 799 512 850 poenitentiae
530 799 652 851 plerumque
671 798 767 848 subjecta
784 811 825 839 non
843 800 923 848 fuisse,
941 814 966 841 cx

160 865 248 904 historia
268 862 414 902 ecclesiastica
426 868 514 901 constat.
532 864 564 900 Ex
576 863 638 902 dictis
656 862 726 913 itaque
744 870 814 913 patet,
831 863 851 901 in
863 857 966 904 ¹ministro

161 926 293 967 Sacramenti
309 925 454 964 Poenitentiae
465 930 550 975 praeter
564 924 648 964 Ordinis
661 930 787 975 potestatem
805 937 908 977 nunquam
926 939 965 966 non

159 989 281 1040 requisitam
289 987 355 1026 fuisse
360 987 557 1039 jurisdictionem,
570 993 641 1038 utpote
650 986 769 1028 distinctam
778 988 802 1026 ab
815 986 899 1028 Ordine.
910 988 965 1027 Ordo

161 1052 214 1089 enim
226 1050 319 1101 aequalis
333 1056 368 1086 est
377 1049 398 1086 in
411 1048 505 1087 omuibus
517 1049 664 1088 sacerdotibus
671 1063 677 1094 ;
690 1061 738 1087 esse
751 1056 819 1089 autem
831 1056 919 1100 possunt
933 1063 966 1089 sa-

162 1112 258 1150 cerdotes
266 1140 272 1158 ,
285 1111 368 1161 quince
381 1109 506 1148 ordinariam
519 1122 557 1149 nec
570 1110 687 1162 delegatam
703 1110 872 1158 jurisdictionem
883 1111 965 1150 habent.

236 1173 314 1211 Dicunt
333 1178 414 1218 autem,
432 1171 576 1217 sacerdotem,
594 1177 720 1222 potestatem
743 1172 859 1211 dimittendi
879 1179 967 1222 peccata

161 1235 257 1285 accipere
269 1234 289 1272 in
302 1246 340 1271 sua
352 1233 500 1279 Ordinatioue,
518 1245 564 1272 cum
576 1233 693 1283 Episcopus
705 1245 778 1273 manus
789 1233 830 1285 ipsi
843 1233 965 1284 imponendo

161 1296 223 1335 dicit:
241 1295 319 1345 Accipe
341 1295 442 1345 Spiritum
462 1301 571 1341 sanctum,
589 1307 675 1345 quorum
692 1295 802 1334 remiseris
819 1303 907 1345 peccata
925 1303 965 1335 etc.
1000 1298 1002 1305 '

161 1359 224 1408 Resp.
237 1357 321 1407 Accipit
330 1363 456 1406 potestatem
468 1356 595 1403 radicalem,
607 1357 764 1407 incompletam,
776 1364 798 1395 et
808 1357 896 1407 quodam
907 1359 966 1397 modo

160 1419 301 1460 habitualem.
319 1425 341 1456 ut
353 1418 435 1468 quidam
452 1419 577 1468 loquuntur,
595 1431 634 1456 non
647 1425 715 1456 alitem
726 1424 852 1468 potestatem
864 1420 966 1458 actualem

161 1487 182 1519 et
194 1481 316 1531 expeditam.
336 1480 387 1518 Oum
400 1479 502 1518 absolutio
515 1480 542 1517 sit
555 1487 615 1518 actus
629 1479 750 1527 judicialis,
768 1492 857 1519 necesse
875 1488 921 1527 est,
945 1488 967 1520 ut

161 1542 261 1580 sacerdos
279 1541 367 1586 habeat,
385 1541 405 1578 in
424 1553 475 1591 quos
494 1542 619 1580 seutentiam
638 1540 706 1582 dieat:
723 1541 771 1580 ltine
789 1548 883 1591 potestas
899 1543 966 1581 absol·

161 1603 220 1640 vendi
234 1616 245 1640 a
258 1602 342 1640 Christo
355 1602 435 1652 quidem
447 1601 543 1650 profecta
555 1609 600 1647 est,
618 1607 639 1641 et
649 1602 670 1640 vi
683 1602 768 1641 Ordinis
781 1602 910 1648 inlunditur,
929 1604 966 1641 scd

162 1664 258 1702 exerceri
269 1676 309 1701 nou
320 1669 403 1712 potest,
421 1662 461 1701 nisi
480 1663 549 1700 adsint
567 1662 653 1708 subditi,
672 1675 722 1712 quos
734 1663 765 1700 illi
777 1663 875 1714 adsignat
892 1665 966 1703 Eccle-

162 1725 199 1762 sia.
218 1725 341 1773 Exemplum
362 1724 386 1762 ad
404 1723 444 1762 hoc
457 1723 600 1772 explicandum
617 1723 713 1764 idoneum
732 1724 826 1762 adhiberi
843 1726 903 1763 solet.
921 1726 966 1763 Rex

161 1785 231 1823 umltis
242 1791 312 1834 potest
320 1784 428 1833 judicandi
440 1784 586 1823 auctoritatem
596 1784 718 1829 concedere,
731 1785 767 1822 sed
780 1798 804 1823 ea
815 1785 871 1836 lege,
885 1791 908 1828 ut
919 1798 966 1835 pro·

160 1846 276 1883 uinciarum
296 1845 399 1894 praefecti
417 1844 510 1884 subditos
527 1845 570 1883 illis
588 1844 698 1895 assignent
705 1859 711 1890 ;
735 1857 802 1894 neque
819 1845 850 1883 illi
867 1853 936 1886 tamen
955 1860 967 1885 a

160 1906 274 1955 praefectis
288 1905 396 1953 judicandi
407 1911 532 1955 potestatem
544 1906 661 1956 recipiunt,
679 1906 714 1943 sed
730 1918 741 1942 a
753 1907 813 1956 Rege
824 1906 876 1955 ipso.
893 1906 966 1947 Oousi·

160 1966 203 2003 mili
214 1967 273 2003 modo
286 1967 409 2004 sacerdotes
421 1977 461 2003 non
480 1966 504 2002 ab
516 1966 628 2011 Ecclesia,
645 1965 682 2003 sed
698 1978 709 2003 a
721 1965 806 2004 Christo
818 1966 907 2005 Domino
925 1968 966 2006 vim

161 2033 182 2064 et
198 2033 324 2077 potestatem
341 2025 419 2065 habeut
436 2026 570 2073 absolvendi,
588 2028 624 2066 sed
644 2038 689 2069 earn
699 2032 825 2076 potestatem
839 2028 928 2079 applicat
946 2035 967 2072 et

162 2089 286 2127 determinat
296 2088 408 2133 Ecclesia,
427 2087 474 2138 quia
487 2088 520 2137 qui
531 2095 656 2138 potestatem
676 2087 731 2130 dedit
743 2088 853 2135 Christus,
873 2090 967 2130 subditos

162 2162 200 2188 nou
214 2149 332 2203 assignavit
342 2149 403 2200 Ipse,
421 2148 458 2187 sed
468 2149 581 2190 Ecclesiae
592 2149 677 2201 reliquit
688 2162 739 2191 suae
753 2149 934 2199 determinantes,
947 2158 968 2191 et

161 2225 198 2262 pro
211 2225 249 2251 sua
261 2211 364 2264 sapientia
376 2212 495 2263 relinquere
507 2212 583 2253 debuit.
602 2212 652 2252 Sine
670 2212 707 2252 illa
724 2212 825 2264 primaria
843 2219 863 2253 et
880 2214 968 2256 radicali

162 2281 279 2324 potestate,
304 2287 364 2325 quam
376 2274 498 2314 sacerdotes
510 2275 530 2314 iu
542 2288 581 2315 sua
591 2274 752 2326 inauguratione
772 2276 888 2325 accipiunt,
902 2276 968 2325 juris·

163 2336 238 2382 dictio,
256 2349 316 2387 quam
328 2336 431 2375 tribueret
442 2336 553 2383 Ecclesia,
570 2338 626 2378 nulla
644 2343 702 2375 esset
714 2344 735 2376 et
746 2349 806 2376 vana.
818 2338 917 2378 Ecclesia
931 2351 967 2380 eos

163 2403 241 2436 tautum
259 2398 343 2436 mittere
354 2405 437 2448 potest,
455 2398 489 2449 qui
500 2399 569 2438 idonei
580 2405 641 2443 sunt,
659 2404 681 2436 ut
698 2398 814 2441 mittantur.
832 2399 880 2439 Ideo
895 2413 967 2442 sacer·

164 2458 207 2495 doti
218 2460 294 2498 subditi
306 2460 457 2511 assignantur,
473 2466 497 2497 ut
514 2460 581 2509 possit
592 2465 717 2510 potestatem
735 2459 756 2500 vi
775 2460 859 2503 Ordinis
872 2463 968 2502 collatam

164 2531 278 2565 exercere;
295 2521 406 2569 potestatis
419 2520 542 2560 exercitium
553 2526 679 2571 potestatem
691 2521 787 2571 supponit
797 2520 823 2569 ¹).

188 2652 203 2691 ¹]
215 2650 254 2684 Gir.
266 2649 293 2683 Ol.
307 2651 480 2698 Christianopolunr
492 2653 511 2687 in
523 2653 573 2688 libro
586 2653 651 2696 „della
661 2652 733 2688 Nullita
745 2654 794 2690 tetta
807 2653 923 2689 assolutioni
937 2656 968 2690 ne’

213 2697 354 2733 casiriservati
364 2702 410 2746 Cap.
420 2705 438 2736 2.
448 2702 465 2745 d.
476 2704 516 2737 103.
526 2703 548 2736 P.
558 2705 599 2737 158.
617 2706 687 2747 etseq.
700 2704 747 2737 item
759 2704 887 2738 Liebermaun
903 2704 967 2739 Theo·

211 2748 251 2791 log.
262 2747 325 2790 dogm.
338 2752 357 2781 et
369 2750 438 2785 Liuzer
447 2751 591 2786 utouatsenriu.
601 2754 624 2786 V.
634 2752 703 2795 Jahrg.
716 2755 734 2786 2.
746 2753 782 2786 Bd.
795 2753 817 2786 P.
832 2753 873 2785 100.
888 2762 930 2797 seq.
943 2773 968 2778 -

211 2796 283 2831 Ucber.
298 2796 424 2833 Jurisdiotion
439 2800 477 2834 uud
493 2800 625 2845 Approbatiou
639 2811 677 2835 von
692 2801 800 2835 Professor
815 2801 851 2833 Dr.
865 2801 931 2836 Boner
948 2803 967 2837 in

212 2847 280 2886 Trier,
294 2844 339 2879 vide
353 2847 467 2882 zeitschrilt
482 2849 513 2882 fiir
525 2849 574 2884 Phil.
586 2850 625 2884 und
637 2850 691 2884 kath.
710 2849 823 2894 Theologie.
840 2850 896 2885 Koln.
913 2852 967 2887 teat.

212 2899 230 2930 9.
241 2895 327 2933 nen.—
