2017 3193
75 199 112 251 iis,
130 198 164 256 qui
175 196 262 255 gravius
277 211 400 252 peccarunt,
418 215 456 253 quo
473 201 538 255 magis
556 205 661 243 scelerum
673 214 759 242 suorum
779 202 882 253 inagnitu-

76 268 144 306 dinem
162 271 280 316 agnoscant
304 272 379 315 quanta
392 264 444 314 ipsis
462 266 589 313 poenitentia
601 266 662 315 juxta
677 266 783 304 Canonum
796 265 883 314 regulas

76 327 199 378 imponenda
211 333 280 371 esset,
302 339 403 366 necvero
418 331 502 375 putent,
524 333 613 374 peccata
626 339 664 364 sua
679 327 733 365 levia
752 338 814 371 esse,
838 325 884 375 quia

76 400 142 440 parva
153 387 184 425 eis
196 388 323 436 poenitentia
335 389 383 426 data
398 393 440 430 est,
453 385 490 423 sed
501 385 540 423 hoc
554 386 632 424 iactum
644 399 701 432 esse,
719 401 744 426 ne
757 400 812 433 earu,
831 398 883 437 quae

76 462 114 500 pro
127 449 234 497 culparum
245 449 326 487 ratione
338 447 465 499 injungenda
483 452 540 491 erat,
553 446 650 484 differant
665 460 710 485 cum
722 450 814 498 periculo
827 449 884 486 saln-

77 511 114 556 tis;
132 509 169 547 sed
188 522 211 547 eo
223 511 323 559 rnajorem
334 512 354 548 in
366 507 494 559 peragendis
514 507 596 545 usitatis
609 520 646 556 pro
663 511 770 556 praesenti
789 517 883 559 tempore

78 570 175 621 operibus
188 572 337 611 satisfactoriis
350 572 418 608 zelum
429 569 531 614 habeant,
544 581 583 618 quo
595 568 666 606 mitius
679 581 724 606 cum
737 569 766 607 eis
786 572 830 622 agit
843 573 883 609 Ec·

78 632 153 677 clesia,
171 644 234 682 pirae,
251 640 274 671 ut
284 633 338 671 bona
350 637 425 676 mater,
437 630 527 667 tiliorum
541 630 651 668 consulens
668 629 796 674 infirmitati,
808 644 884 669 nervos

78 693 210 738 severitatis,
227 707 267 731 non
289 705 365 730 eversa
382 699 451 729 tamen
469 691 517 729 fidei
529 691 649 739 majestate,
661 703 700 728 nec
717 691 805 740 profana
820 692 884 730 facili-

78 761 121 793 tate
134 767 193 793 suum
203 756 300 806 vigorem
313 754 432 798 dimittens,
444 765 482 803 pro
494 752 606 802 prudentia
617 751 728 789 relaxavit.

151 818 183 853 Ex
194 816 256 854 dictis
267 816 334 866 igitur
345 811 449 865 intelliget
461 814 617 858 cortfessariuS,
635 813 741 850 lenitatem
762 819 781 850 et
797 813 887 851 charita-

78 883 132 922 tem,
151 889 210 927 quam
221 877 299 915 babere
312 876 385 920 dehet,
401 887 441 912 non
453 886 501 912 esse
512 874 610 925 ignavam
622 874 786 925 indulgentiam,
804 886 854 924 quae
866 874 887 911 in

79 951 103 976 eo
115 938 155 976 sita
174 944 219 983 est,
237 944 259 975 ut
270 937 338 975 onmia
356 936 435 973 tribuat
451 935 575 973 inordinatis
595 936 744 984 poenitentium
763 936 887 979 desideriis,

79 1000 115 1038 sed
126 999 264 1049 prudentiam,
277 997 371 1047 quaillos
383 996 462 1034 alliciat
469 997 493 1033 ad
501 996 625 1040 faciendum,
634 996 730 1046 quidquid
743 997 887 1035 necessarium

79 1067 124 1105 est,
136 1066 159 1097 nt
170 1059 312 1109 corrigantur.
327 1057 438 1102 „Habens,
452 1057 480 1094 ait
492 1057 514 1095 S.
526 1057 661 1101 Bernardns,
675 1069 701 1095 ex
712 1057 806 1095 fraterno
821 1058 887 1095 oleum

79 1119 242 1158 mansuetudinis
255 1125 276 1156 et
288 1131 313 1156 ex
325 1118 393 1155 divino
405 1130 475 1155 amore
490 1118 558 1165 vinum
578 1118 735 1163 aemulationis,
753 1130 842 1157 securus
854 1131 887 1156 ac·

80 1182 130 1219 cede
142 1180 167 1218 ad
177 1171 265 1217 uulnera
277 1179 375 1217 sananda.
394 1179 455 1217 Sient
466 1179 644 1228 compatiebamur
661 1179 736 1224 fratri,
755 1180 784 1217 ita
792 1179 888 1228 justitiae

80 1240 245 1291 compatiendum
263 1247 305 1286 est,
323 1252 383 1290 quam
394 1240 487 1277 videmus
500 1246 541 1277 tam
559 1239 690 1289 impudenter
703 1240 778 1289 abjici,
796 1247 837 1278 tam
851 1240 888 1278 im·

80 1302 181 1352 pudenter
193 1301 326 1351 provoca1·i.''
339 1323 368 1328 -

154 1362 252 1400 Ceterum
271 1362 414 1400 confessarius
432 1362 538 1410 personis,
557 1362 581 1399 de
598 1374 683 1412 quarum
696 1362 806 1400 alacritate
825 1362 889 1399 adim-

80 1423 148 1473 plendi
159 1423 325 1461 satisfactionem
341 1422 451 1466 dubitarit,
467 1434 507 1460 non
519 1423 565 1460 sine
578 1423 659 1460 ratione
674 1423 748 1461 stricte
766 1423 890 1467 inculcabit,

80 1485 139 1522 utin
158 1484 290 1522 confessione
307 1484 402 1534 proxima
421 1484 445 1521 de
457 1483 602 1522 satisfactione
622 1484 741 1533 adimpleta,
760 1484 890 1523 confessario

80 1546 113 1582 vel
125 1545 165 1582 sibi
175 1545 209 1582 vel
222 1545 257 1582 alii
273 1545 375 1582 rationem
395 1544 489 1582 reddant.
506 1544 553 1582 Hoc
571 1544 626 1582 enim
638 1550 698 1595 pacto
715 1546 826 1594 plurimum
842 1558 890 1583 con-

81 1606 142 1653 feret,
158 1612 181 1644 ut
192 1606 300 1656 poenitens
313 1607 337 1644 ad
349 1605 473 1651 faciendum,
491 1605 587 1656 quidquid
600 1606 743 1644 necessarium
754 1619 792 1657 pro
805 1606 891 1644 satisfa-

81 1669 149 1706 ctione
163 1667 276 1716 injunctum
289 1674 334 1713 est,
351 1668 462 1717 impulsum
474 1679 497 1706 se
512 1667 596 1706 sentiat

81 1776 116 1810 Ubi
125 1776 230 1818 periculum
241 1779 272 1808 cst
281 1780 368 1818 spectata
377 1775 493 1819 poenitentis
503 1776 624 1816 infirmitate,
638 1786 661 1809 ne
679 1786 739 1819 opera
748 1776 890 1817 satisfactoria,

106 1834 155 1868 quae
164 1824 220 1857 nimis
231 1823 314 1857 difficilia
323 1824 360 1867 ipsi
369 1825 466 1866 videntur,
480 1824 564 1865 omittat,
578 1822 625 1858 licet
634 1825 708 1858 aliunde
717 1825 774 1859 valde
784 1830 892 1869 opportuna

106 1875 153 1916 sint,
167 1873 244 1916 expedit
261 1883 317 1915 sane,
330 1877 352 1907 ut
368 1875 417 1907 haec
435 1873 485 1907 omni
506 1874 582 1917 quidem
601 1875 656 1908 modo
678 1879 844 1917 cotrnncndcntur3
862 1879 892 1908 ast

105 1933 139 1967 pro
150 1923 284 1956 satisfactione
294 1923 380 1967 adeoque
390 1923 503 1956 substricta
517 1928 536 1956 et
545 1924 600 1966 gravi
612 1923 728 1967 obligatione
744 1934 780 1957 non
796 1925 852 1958 facilc
864 1926 891 1958 iu·

103 1973 214 2016 jungantur.
233 1972 268 2015 Qui
278 1972 366 2016 spiritum
376 1977 505 2013 conservant,
523 1973 580 2007 facile
598 1974 656 2006 etiam
670 1982 692 2006 ea
710 1977 825 2017 sequentur,
843 1983 892 2018 quae

105 2032 139 2066 pro
149 2022 203 2065 gravi
213 2022 293 2056 consilio
303 2023 404 2067 proposita
413 2026 467 2056 sunt:
482 2022 525 2056 aliis
539 2028 603 2056 autem
620 2023 729 2057 satisfactio
746 2024 791 2057 talis
808 2023 892 2065 injuncta

106 2075 126 2106 et
137 2072 227 2115 neglecta
244 2071 265 2105 fit
282 2073 360 2106 occasio
378 2072 444 2116 gravis
460 2073 541 2115 peccati.
562 2071 657 2107 Debiliter
675 2073 770 2116 disposito
787 2074 893 2117 poenitenti

107 2121 167 2155 danda
176 2125 207 2155 est
223 2122 342 2163 satisfactio,
355 2126 377 2155 ut
388 2121 481 2165 parvulus
494 2123 543 2166 ignis
552 2123 652 2164 foveatur,
671 2127 690 2156 et
699 2124 722 2156 ne
735 2123 822 2166 apposita
837 2123 892 2167 palea

107 2170 214 2206 suffocetur
224 2170 318 2214 appositis
327 2171 383 2215 lignis
393 2171 506 2216 desuperlJ.

316 2279 489 2334 satisfactionis
504 2282 657 2335 connmtatio.

157 2405 175 2461 ξ,
192 2403 241 2447 146.
258 2407 289 2445 Ad
307 2407 462 2457 quaestionem:
481 2419 506 2445 an
524 2407 642 2447 satisfactio
661 2407 685 2446 ab
702 2408 742 2446 alio
762 2407 892 2448 confessario

83 2468 180 2522 imposita
198 2482 235 2520 per
253 2469 314 2508 aliurn
333 2469 486 2508 confessarium
504 2470 627 2508 commutari
646 2470 724 2520 possit,
742 2471 892 2521 respondemus

84 2533 222 2577 affirmative,
239 2531 276 2570 sed
287 2531 320 2569 his
332 2531 370 2570 sub
382 2531 548 2570 conditionibus:

157 2594 185 2632 Ut
195 2594 216 2632 id
227 2593 336 2643 fiatjusfa
347 2593 373 2631 dc
385 2605 455 2632 coccea
462 2608 468 2639 3
486 2593 534 2644 quia
545 2606 596 2632 rara
608 2606 656 2640 esse
668 2594 742 2640 debet,
760 2601 780 2632 et
792 2595 893 2647 gravibus

85 2654 132 2691 nixa
142 2656 258 2693 rationibus
265 2670 271 2701 ς
284 2668 331 2693 nam
342 2655 406 2693 nimia
418 2655 507 2694 facilitas
519 2655 571 2695 haec
584 2656 635 2694 vitia
645 2657 795 2707 poenitentium
804 2657 893 2702 foveret,

85 2724 135 2762 quos
148 2717 232 2766 saepius
243 2718 277 2755 vel
288 2718 334 2755 sola
344 2716 486 2755 inconstantia
496 2717 530 2754 vel
545 2718 612 2756 odium
624 2718 778 2767 poenitentiae,
797 2724 817 2756 et
836 2731 893 2757 amor

84 2773 139 2811 vitae
157 2778 258 2816 mollioris
275 2779 407 2829 impellerent
430 2778 455 2815 ad
478 2779 660 2817 commutationem
685 2780 837 2819 satisfactionis
854 2779 893 2816 sibi

84 2859 257 2875 ‘'b—5

110 2907 126 2947 1)
137 2905 177 2939 Cfr.
188 2906 209 2938 S.
218 2907 259 2951 aig.
269 2911 329 2944 theol.
339 2921 388 2944 mor.
398 2910 450 2946 Libr.
460 2910 572 2945 vineoe.
582 2914 624 2945 510.
635 2915 678 2946 516.
