2056 3193
157 66 200 107 166

156 183 201 222 tur,
220 178 256 215 sed
271 182 392 226 perpetrare
406 175 492 224 quisque
505 175 587 221 timeat,
600 173 663 225 quod,
676 187 700 213 an
713 177 776 228 digne
794 179 871 215 deflere
883 177 963 226 possit,

156 239 252 291 ignorat,
271 243 317 275 ante
330 236 409 285 culpam
423 249 475 286 ergo
484 236 589 284 justitiam
601 242 689 280 nietuat,
706 246 755 286 post
767 241 846 289 culpam
858 246 927 276 tamen
940 238 964 275 de

157 300 234 351 pietate
246 303 367 349 praesumat
374 312 380 344 ς
395 309 462 349 neque
473 298 502 337 ita
511 298 614 349 justitiam
625 297 711 344 timeat,
730 307 753 338 ut
765 303 821 340 nulla
833 300 877 353 spei
891 313 964 339 conso-

157 363 233 402 latione
246 361 390 408 convalescat3
403 375 470 414 neque
481 362 511 401 ita
524 362 612 402 confidat
624 361 648 400 de
660 361 819 411 misericordia,
833 372 854 404 ut
868 364 965 404 adbibere

157 424 277 464 vulneribus
290 424 334 463 suis
347 418 422 477 dignae
438 426 576 476 poenitentiae
594 424 690 476 negligat
701 425 833 474 medicinam,
852 428 889 466 sed
906 439 964 478 quem

157 487 196 524 sibi
208 486 272 524 sumit
279 487 416 537 pieparcere,
429 501 511 537 semper
520 488 581 525 etiam
590 487 677 537 cogitet,
686 493 706 524 et
720 487 815 526 districte
824 487 964 537 judicarem),

291 618 314 671 C.
329 618 360 671 lle
375 618 450 670 dubiis
465 617 578 670 solvendis
594 635 621 671 ac
635 617 737 682 consiliis
752 618 840 671 danitis.

231 754 249 806 ξ,
270 752 319 794 114.
336 755 366 792 Ad
382 767 456 792 munus
479 755 605 792 confessarii
623 757 697 793 merito
719 757 812 793 refertur
828 763 848 793 et
865 757 925 802 illud,
944 766 966 797 ut

157 816 288 865 poenitentes
302 816 359 853 circa
375 815 449 859 dubia,
462 821 497 852 aut
509 827 571 852 casus
585 816 609 852 ab
620 816 673 864 ipsis
682 816 721 853 sibi
732 817 852 865 propositos
863 817 966 863 instruat3

158 883 285 926 quapropter
298 876 360 913 etiam
372 876 459 926 regulas
479 875 564 921 damus,
584 876 683 925 quomodo
695 878 715 914 in
729 876 822 914 consiliis
835 876 906 915 dandis
925 879 966 915 sol-

157 936 270 985 vendisque
283 937 362 981 (11111115,
380 948 404 973 ac
417 936 500 973 casibus
516 936 636 973 decidendis
649 949 672 973 se
685 949 762 987 gerere
774 938 854 987 debeat.
873 939 966 986 Respon-

158 997 229 1033 demus
242 1002 320 1039 autem,
334 1007 393 1043 quam
407 995 527 1033 cautissime
540 1002 561 1032 et
571 995 740 1043 prudentissime.
754 995 832 1043 Quodsi
844 997 931 1034 consilia
947 1003 967 1032 et

157 1055 274 1092 sententiae
291 1055 416 1093 confessarii
431 1061 479 1092 sunt
491 1054 602 1103 ejusmodi,
615 1061 638 1092 ut
649 1062 749 1104 peccator
763 1056 872 1105 poenitens
892 1068 966 1094 eorun-

158 1111 203 1155 dem
222 1117 345 1155 execulione
364 1116 408 1167 ipse
428 1116 559 1166 experiatur,
576 1129 635 1166 quam
657 1117 734 1155 rationi
755 1118 880 1164 conformia,
897 1118 966 1163 utilia,

158 1191 223 1230 aequa
235 1185 255 1217 et
264 1178 322 1228 justa
335 1179 386 1225 sint,
400 1184 448 1218 tunc
461 1178 635 1229 poenitentiarius
647 1178 743 1218 fiduciam
755 1179 793 1218 filli
804 1180 837 1219 sui
851 1180 966 1232 spiritualis

157 1242 285 1290 lucrabitur,
304 1243 339 1294 qui
353 1242 442 1281 libenter
457 1242 557 1295 regimini
572 1242 682 1294 ductuique
700 1243 797 1282 ulteriori
815 1246 881 1294 patris
900 1244 933 1283 sui
944 1258 966 1283 se

159 1306 273 1345 submittet.
293 1306 442 1344 Confessarius
455 1319 465 1343 e
479 1312 563 1352 contra,
576 1306 641 1357 quiin
654 1306 747 1344 consiliis
763 1307 834 1345 dandis
847 1308 967 1346 sententiis·

159 1381 198 1419 que
218 1368 309 1406 ferendis
325 1375 407 1406 matura
421 1368 532 1418 prudentia
550 1367 667 1414 deseritur,
691 1368 752 1407 facile
778 1375 799 1406 et
822 1370 861 1407 sibi
880 1375 900 1407 et
921 1369 967 1407 aliis

157 1432 244 1480 laqueos
261 1430 363 1479 injicere,
386 1430 540 1479 poenitentique
561 1430 586 1467 ad
604 1430 756 1479 imprudentem
772 1431 847 1481 agendi
865 1430 967 1468 rationem

159 1505 230 1529 ausam
243 1493 303 1536 dare,
317 1492 375 1540 cique
389 1504 453 1529 onera
467 1492 585 1541 imponere,
601 1504 652 1542 quae
671 1498 757 1541 portare
776 1492 858 1529 minime
874 1497 967 1536 tenetur,

159 1566 197 1591 nec
209 1566 249 1591 non
262 1560 282 1591 et
293 1553 419 1603 poenitentis
431 1554 497 1592 bonae
516 1553 583 1591 laruae
600 1553 715 1603 honorique
730 1553 854 1592 detrimenta
876 1553 967 1598 adferre,

162 1622 182 1652 et
194 1616 238 1663 ejus
257 1615 354 1653 fiduciam
369 1616 457 1663 perdere
469 1621 544 1664 potest.
562 1614 631 1662 Quare
647 1627 686 1652 non
698 1615 862 1664 praecipitanter
880 1627 967 1664 respon-

161 1677 217 1720 deat,
231 1682 261 1721 et,
274 1676 314 1712 nisi
327 1682 398 1714 certus
406 1677 434 1712 sit
446 1676 469 1713 de
482 1676 571 1713 veritate
583 1676 688 1724 responsi,
700 1682 781 1724 tempus
795 1688 839 1713 rem
851 1686 967 1725 usquequa·

159 1749 198 1786 que
216 1736 319 1773 maturius
339 1736 471 1773 examinandi
482 1736 596 1785 (siquidem
609 1736 794 1780 circumstantiae,
812 1743 848 1780 ut,
866 1736 919 1785 quod
933 1735 967 1783 ju-

158 1803 213 1833 stum
226 1809 355 1845 aequumque
368 1797 402 1840 sit,
418 1796 552 1841 decernatur,
564 1797 584 1833 id
595 1797 714 1845 patiantur]
726 1802 792 1845 petat,
810 1809 849 1833 nec
868 1795 908 1832 sibi
919 1795 969 1831 fidat

158 1857 256 1901 nimium,
280 1862 341 1905 atque
361 1857 412 1893 alios
428 1856 504 1900 etiam,
522 1863 619 1905 quantum
641 1858 699 1893 salvo
718 1862 801 1893 secreto
821 1854 968 1892 sacramentali

158 1917 204 1953 fieri
216 1923 299 1965 potest,
313 1917 421 1960 consulat;
437 1928 475 1953 nec
488 1916 549 1953 facile
568 1922 603 1952 aut
613 1915 732 1965 promiscue
744 1917 827 1965 scripto
840 1915 900 1953 dubia
918 1913 968 1952 talia

159 1977 262 2023 resolvat,
281 1984 316 2016 aut
327 1977 398 2016 decisa
409 1977 485 2016 tradat.

471 2111 545 2168 Casus
558 2113 661 2185 practici.

234 2253 252 2307 ξ.
268 2251 317 2293 115.
332 2253 351 2293 1.
364 2254 476 2293 Paenitens
493 2255 618 2300 confitetur,
636 2254 675 2293 sibi
690 2255 709 2292 in
726 2267 790 2292 causa
805 2268 831 2292 er
842 2255 914 2292 intima
932 2267 970 2292 sua

161 2316 297 2365 persuasione
306 2316 365 2365 justa
377 2317 434 2354 litem
446 2316 512 2353 fuisse
524 2316 657 2361 intentatam,
675 2323 735 2366 atque
749 2329 794 2355 cum
806 2329 850 2354 rem
869 2322 969 2365 patronus

163 2378 228 2415 miuus
240 2378 292 2415 bene
311 2378 453 2424 defendisset,
471 2378 575 2416 faventem
590 2377 669 2426 judicis
689 2378 813 2416 sententiam
832 2378 913 2415 nonnisi
932 2378 969 2415 sub

162 2439 200 2476 bac
213 2439 329 2477 conditione
342 2440 452 2491 obtigisse,
465 2440 483 2477 si
494 2440 514 2476 in
527 2440 707 2477 circumstantiam
720 2439 809 2489 aliquam
817 2440 908 2487 juraret.
921 2438 970 2476 Utut

162 2500 219 2536 salva
235 2501 364 2538 conscientia
379 2500 432 2537 banc
450 2513 522 2537 veram
538 2501 646 2538 declarare
665 2513 704 2537 non
716 2506 800 2549 posset,
817 2499 897 2548 proprii
915 2512 969 2537 com·

162 2560 216 2597 modi
228 2562 314 2611 vanique
326 2562 412 2598 honoris
425 2562 492 2599 studio
506 2568 579 2611 captus
588 2561 735 2609 jusjurandum
748 2561 813 2606 dedit,
831 2560 903 2609 sicque
914 2560 969 2609 peje-

161 2620 223 2658 ravit.
237 2621 352 2671 Cognoscit
364 2623 422 2660 modo
436 2622 533 2660 delictum
546 2635 611 2673 grave
625 2622 738 2659 admissum
749 2622 854 2669 sentitque
870 2620 969 2667 dolorem,

161 2686 306 2718 verumtamen
325 2690 404 2726 censet,
422 2683 447 2720 ad
465 2683 621 2719 restitutionem
639 2694 663 2718 se
681 2694 720 2719 non
739 2680 843 2730 obligari,
865 2681 912 2729 quia
932 2694 969 2730 pro

160 2739 300 2791 persuasione
316 2732 361 2779 sua'
371 2742 512 2780 conscientiae
527 2748 668 2780 consentanea
676 2741 711 2790 jus
730 2742 770 2779 sibi
783 2741 922 2789 competebat,
940 2747 970 2779 at·

159 2829 341 2836 m·—

186 2889 201 2930 1)
211 2888 262 2922 Mor.
273 2885 316 2922 libr.
327 2887 356 2921 33.
367 2896 384 2921 e.
396 2889 423 2922 le.
