2017 3193
827 114 856 159 49

58 245 180 296 opinionem,
197 235 277 285 sibique
291 233 321 270 ita
332 242 407 283 sapere
425 230 466 266 visi
483 237 543 275 sunt,
569 237 592 269 ut
611 230 644 268 vel
661 227 859 280 probatissimorum

58 311 163 345 auctorum
171 296 273 348 judicium
290 304 390 344 spernere
406 301 445 326 non
460 296 579 329 vereantur.
594 289 695 343 Magistri
714 301 762 327 esse
773 288 858 335 volunt,

58 366 104 417 quin
115 360 192 399 fuerint
203 355 305 406 discipuli,
317 355 341 393 de
353 352 410 392 nulla
421 362 445 387 re
456 349 559 395 dubitant,
572 357 593 387 et
606 352 627 389 in
639 351 711 403 quavis
722 364 747 388 re
760 350 860 388 audacter

57 428 126 463 ferunt
132 419 240 469 judicium.
248 416 287 455 His
300 413 420 466 opponimus
427 411 537 460 praeclara
545 411 720 451 confessariorum
729 411 860 450 eruditorum

59 498 82 523 oo
96 483 176 533 piorum
192 478 297 528 exempla,
315 476 349 526 qui
362 472 423 511 libris
434 484 474 509 non
492 483 569 521 paucas
587 471 706 520 impendunt
718 474 794 517 horas,
812 472 860 522 quia

56 543 185 593 intelligunt,
203 539 279 578 eruditi
294 545 373 588 quoque
389 531 515 571 corlfessarii
532 531 641 570 scientiam
658 532 783 572 dubitatione
804 539 825 571 et
843 532 859 570 i·

58 603 168 657 gnorantia
184 601 308 651 permixtam
326 605 387 639 esser
405 594 439 644 qui
451 593 550 631 diflerunt
561 592 668 642 aliquando
682 593 792 641 judicium,
812 594 861 645 quia

58 663 213 703 difficultatibus
222 663 362 700 deterrentur,
375 654 467 704 aliosque
476 654 562 692 subinde
570 654 687 698 consulunt,
701 655 748 703 quia
759 656 824 693 alieno
837 667 860 692 se

58 726 152 775 indigere
164 722 249 761 oonsilio
258 719 394 756 arbitrantur.
408 715 464 753 Sibi
475 715 597 752 documento
606 726 645 752 non
653 720 701 751 sunt
713 714 860 760 confessariis,

59 786 92 836 qui
104 782 264 822 adolescentiam
275 779 320 815 fere
333 789 345 814 a
356 775 430 814 studiis
440 776 527 813 alienam
539 776 653 819 duxerunt,
666 780 687 812 et
699 775 733 824 qui
744 774 804 813 libris
814 775 861 812 vale

59 852 174 884 extremum
189 843 296 882 dixerunt,
312 849 338 874 ex
352 849 391 886 quo
407 837 433 875 ad
450 836 583 886 excipiendas
605 835 696 873 fidelium
718 834 862 873 confessiones

59 907 144 943 fuerunt
155 900 251 944 admissi,
270 898 345 935 saltem
358 897 401 934 illis
418 896 557 934 erubescendi
575 908 638 934 causa
650 907 697 933 esse
715 901 817 946 possunt,
841 901 862 932 et

61 966 158 1007 efficere,
174 968 197 999 ut
211 961 294 997 illorum
307 958 417 996 temeritas
439 957 493 995 omni
513 969 602 1006 prorsus
625 962 697 994 careat
719 956 862 993 excusatione.

59 1026 166 1074 Nunquam
178 1020 238 1057 etiam
255 1018 322 1066 majus
338 1018 454 1068 periculum
469 1018 564 1062 errandi,
583 1028 643 1067 quam
661 1029 706 1055 cuni
725 1016 863 1067 pertinaciter

62 1086 106 1136 quis
118 1081 213 1134 propriae
226 1080 341 1118 sententiae
350 1079 459 1125 adhaeret,
473 1079 545 1119 „Haeo
558 1078 659 1128 siquidem
670 1078 691 1116 in
703 1077 787 1128 proprio
800 1089 864 1115 sensu

62 1143 170 1185 obstinatio
181 1141 246 1179 veluti
260 1141 319 1191 lepra
338 1140 437 1190 quaedam
450 1146 492 1186 est,
509 1146 532 1178 ut
543 1139 634 1190 loquitur
650 1139 673 1178 S.
688 1138 822 1184 Bernardus,
840 1151 864 1177 eo

62 1203 210 1255 periculosior,
228 1214 267 1251 quo
278 1201 347 1252 magis
363 1203 459 1246 occulta3
477 1223 507 1229 -
518 1223 548 1229 -—
558 1222 588 1228 —-
599 1200 651 1237 haee
666 1200 749 1238 illorum
768 1206 813 1245 est,
831 1200 865 1249 qui

62 1269 172 1315 sequentes
180 1274 275 1301 errorem
283 1274 350 1308 snum,
363 1268 384 1300 et
395 1262 494 1301 obstinati
503 1261 524 1300 in
535 1275 570 1307 eo,
580 1261 642 1301 nullis
650 1263 723 1300 volunt
730 1261 865 1312 acquiescere

62 1325 164 1369 consiliis;
176 1323 198 1361 hi
209 1330 258 1362 sunt
269 1323 355 1362 unitatis
368 1324 482 1369 divisores,
498 1324 578 1362 inimici
587 1323 656 1374 paciS,
675 1323 783 1363 charitatis
792 1335 865 1373 exper-

15 1376 17 1381 ’
62 1394 104 1432 tes,
120 1386 212 1424 vanitate
233 1391 347 1431 tumentes,
370 1387 479 1436 placentes
494 1385 544 1431 sibi,
562 1391 582 1424 et
600 1385 671 1437 magni
688 1384 708 1423 in
721 1385 787 1424 oeulis
800 1383 865 1423 suis.'’

62 1448 143 1486 Utinam
158 1454 257 1497 saperent
272 1453 293 1486 et
306 1447 460 1500 intelligerent,
481 1460 540 1498 quam
559 1447 633 1486 nociva
651 1447 679 1486 sit
696 1447 790 1498 ipsorum
805 1459 866 1497 prae·

63 1510 136 1548 sumtio
149 1515 169 1547 et
179 1509 295 1559 pertinacia
306 1510 326 1547 in
343 1510 427 1560 proprio
442 1509 532 1559 judicio,
550 1522 596 1548 cum
615 1508 701 1548 aliorum
719 1509 770 1547 illud
786 1508 866 1559 judicio

64 1576 191 1621 praeponunt
202 1570 222 1608 in
234 1570 357 1621 iis,-quibus
369 1584 407 1621 par
419 1571 483 1617 foret,
497 1571 562 1610 alieno
575 1571 690 1620 subjicere,
707 1584 733 1609 ne
745 1570 866 1621 deciperen-

63 1639 104 1669 tur.
126 1633 198 1670 „Tunc
220 1632 319 1671 sacerdos
340 1632 555 1683 irreprehensibiliter
578 1633 686 1684 graditur,
703 1646 750 1671 cum
774 1633 869 1682 exempla

63 1693 147 1731 Petrum
154 1693 323 1743 praecedentium
329 1694 473 1733 indesinenter
484 1694 588 1741 intuetur,
601 1694 665 1733 aits.
678 1694 808 1745 Gregorius;
821 1705 868 1732 eum

64 1753 189 1792 Sanctorum
199 1755 292 1806 vestigia
309 1755 354 1793 sine
369 1756 488 1794 cessatione
504 1755 633 1801 considerat,
651 1763 671 1794 et
686 1756 827 1808 cogitationes
843 1755 868 1792 il-

63 1814 131 1853 licitas
143 1815 252 1866 deprimit,
269 1828 293 1853 ne
306 1823 367 1855 extra
378 1817 457 1855 ordinis
476 1817 562 1855 limitem
581 1817 651 1867 operis
669 1818 742 1867 pedem
756 1814 869 1868 ponat’'¹)‚

66 1875 137 1914 „Deus
149 1877 246 1927 superbis
257 1877 350 1916 resistit:
363 1878 474 1917 humilibus
486 1884 555 1917 auteur
567 1878 601 1917 dat
612 1878 716 1929 gratiam
725 1877 751 1926 ²).

356 1998 452 2052 laxitas
466 2002 487 2051 et
500 1997 570 2069 rigor.
620 2053 625 2062 ,

139 2119 157 2174 ξ.
170 2118 205 2161 34.
218 2123 275 2162 Inter
293 2137 370 2163 naevos
382 2123 508 2163 confessarii
525 2124 632 2162 laxitatem
650 2125 801 2170 nonnulorum,
819 2124 869 2162 alio·

66 2195 151 2233 rumque
162 2183 256 2235 rigorem
263 2198 304 2224 non
314 2186 418 2224 immerito
430 2198 469 2224 nec
478 2185 644 2236 absqueratione
656 2198 796 2224 numeramus.
807 2185 868 2230 Sunt,

67 2243 100 2293 qui
110 2244 209 2283 Laxistae
225 2247 319 2293 audiunt,
337 2247 371 2298 qui
383 2247 450 2293 omni,
468 2259 507 2297 qua
524 2253 612 2296 possunt
624 2259 701 2297 opera,
718 2247 819 2286 humanae
832 2259 868 2285 na·

4 2325 6 2327 ·
65 2311 125 2342 turae
136 2306 293 2355 patrocinantur
306 2309 363 2355 adeo,
375 2315 398 2347 ut
409 2309 450 2346 nisi
461 2320 499 2358 per
511 2314 605 2345 tenorem
611 2308 631 2345 in
642 2314 748 2347 extremas
761 2308 871 2360 angustias

67 2376 90 2402 se
97 2366 202 2415 conjectos
207 2368 297 2415 videant,
309 2371 355 2420 plus
363 2370 421 2419 justo
429 2370 498 2419 legem
506 2369 606 2407 moralem
615 2369 751 2408 christianam
760 2370 872 2414 emolliant,

66 2438 91 2464 ne
103 2427 169 2466 dicam
181 2430 294 2482 effugiant,
312 2431 384 2469 tamin
397 2430 575 2469 adhortationibus
587 2436 608 2468 et
617 2430 798 2477 admonitionibus,
811 2443 872 2482 quani

67 2486 87 2524 in
99 2489 191 2528 consiliis
203 2490 275 2530 dandis
287 2492 395 2543 dubiisque
410 2492 526 2537 solvendis,
546 2497 607 2542 atque
624 2491 674 2530 adeo
691 2492 750 2530 leves
766 2493 874 2543 imponunt

68 2548 236 2599 satisfactiones,
254 2566 305 2603 quae
321 2554 357 2592 fini
368 2566 440 2592 earum
455 2553 509 2591 haud
527 2545 627 2603 quaquam
648 2554 777 2604 respondere
801 2554 874 2605 digno-

69 2616 161 2649 scuntur.
179 2612 255 2652 Perse
271 2621 339 2665 patet,
356 2622 432 2666 quanta
446 2615 547 2653 rnaloruni
559 2620 645 2666 strages
658 2626 696 2665 per
712 2615 766 2654 hane
787 2615 875 2654 aliorum

70 2672 207 2711 conscientias
219 2675 324 2727 dirigendi
335 2676 452 2715 methodum
464 2682 583 2715 enascatur.
595 2677 624 2715 Et
635 2675 716 2726 quidem
727 2677 780 2714 tales
793 2675 875 2715 confes·

70 2731 120 2769 sarii
134 2734 230 2783 specioso
247 2736 308 2775 titulo
323 2736 459 2788 benignitatis
478 2736 609 2788 gloriantur,
625 2749 699 2776 verum
722 2737 793 2788 reipsa
818 2735 876 2776 caeci

72 2797 119 2829 sunt
129 2799 150 2831 et
164 2794 228 2835 dirces
244 2808 364 2844 caecorum,
382 2798 416 2848 qui
428 2803 471 2836 tum
483 2797 523 2836 sihi
534 2803 577 2836 tum
590 2797 637 2836 aliis
653 2798 778 2838 horrendam
794 2797 875 2836 foveam

71 2873 285 2893 Ἣ·-

97 2922 112 2962 ²)
120 2922 174 2959 Past.
183 2925 237 2962 Part.
246 2929 270 2963 ΙΙ.
281 2937 297 2964 c.
304 2930 322 2964 9.
332 2946 356 2955 -
364 2930 381 2970 ²)
391 2929 433 2964 Jac.
443 2930 476 2964 lv,
485 2932 504 2964 6.
