2056 3193
142 47 186 91 104

141 162 194 201 catis
207 164 259 209 tuis,
277 163 357 202 scilicet
369 163 469 199 omnibus.
483 162 506 201 Si
520 164 544 201 ab
557 164 651 202 erunibus
666 164 793 209 absolvitur,
806 176 894 202 necesse
907 169 946 208 est.

141 231 163 263 ut
175 226 238 264 etiam
249 225 337 263 omnium
356 224 461 261 confessio
474 226 592 274 praecedat.
611 224 769 264 „Confitendum
786 225 852 278 igitur
867 230 912 270 est,
924 231 947 263 ut

142 286 243 337 propheta
259 284 338 329 docuit,
356 296 381 321 ex
406 291 450 323 toto
468 287 541 331 corde,
558 298 597 324 non
616 292 728 334 exparte,
746 299 811 336 neque
827 287 867 325 alia
882 284 947 324 adhue

143 349 273 399 cognitorum
285 350 420 394 peccatorum
432 348 553 396 operatione
565 343 714 393 residentem).
971 395 974 400 .

208 405 285 455 Quodsi
290 406 357 457 igitur
363 407 505 447 confessarius
513 407 836 456 animadverterit,poenitentem
842 410 945 459 integram

142 467 294 508 confessionem
313 467 366 505 haud
379 469 512 518 deposuisse,
530 474 564 505 aut
576 468 691 517 deponere,
708 467 728 505 in
741 467 816 505 officiis
829 470 873 507 suis
884 469 946 507 habe·

141 529 176 573 bit,
188 529 333 566 necessariam
345 543 371 567 ex
383 529 430 567 fidei
445 527 559 566 catholicae
572 529 669 579 dogmate
682 534 702 565 et
714 540 809 573 munere,
828 541 866 578 quo
878 530 946 581 fungi·

140 596 187 633 tur,
200 587 290 637 judicis,
307 589 381 628 medici
394 595 413 627 et
426 588 533 633 doctoris,
551 589 691 627 confessionis
703 589 848 639 integritatem
860 590 946 641 exigere

140 655 161 687 et
171 661 295 698 procurare.
309 649 413 697 Quomodo
425 649 445 686 id
458 649 549 694 efficiat,
566 649 626 697 hujus
639 649 713 698 capitis
726 649 827 686 articulus
841 650 945 687 secundus

140 708 229 747 docebit.

141 825 174 878 lle
186 825 287 894 peccetis
304 825 443 887 venialium,
464 829 485 877 ct
503 826 529 877 de
547 824 644 891 jamjam
661 825 758 893 expiatis
789 830 895 894 quantum
920 826 948 877 ad

380 896 533 950 consessionis
546 897 709 967 integritatem.

215 1008 233 1062 §.
247 1006 281 1048 70.
301 1009 354 1058 Quid
366 1009 387 1047 in
399 1009 488 1047 materia
500 1009 640 1048 confessionis
652 1009 676 1048 de
694 1011 810 1049 veniabilus
830 1019 851 1050 et
863 1013 947 1063 J'amjam

142 1071 231 1122 expiatis
243 1070 336 1121 peccatis
355 1070 481 1109 censendum
493 1071 531 1116 sit,
549 1071 643 1121 quaestio
656 1083 679 1109 eo
691 1071 777 1120 majoris
795 1074 893 1112 momenti
908 1082 947 1119 cst.

142 1132 194 1183 quod
213 1132 328 1169 Concilium
347 1132 490 1170 Tridentinum
516 1131 575 1169 circa
598 1131 751 1170 confessionem
775 1136 948 1173 sacramentalem

141 1192 223 1232 nonnisi
238 1199 372 1243 peccatorum
386 1192 505 1231 mortalium
519 1193 644 1231 mentionem
664 1193 735 1231 faciat.
758 1193 853 1232 Dicimus
871 1195 948 1248 igitur,

141 1254 250 1294 materiam
262 1253 402 1293 confessionis
414 1266 462 1292 esse
473 1260 561 1305 peccata
571 1261 620 1305 post
630 1255 755 1305 baptismum
766 1256 884 1295 commissa.
896 1258 948 1297 Pee-

142 1322 210 1356 catum
222 1317 310 1354 mortale
322 1323 369 1368 post
380 1317 505 1367 baptismum
517 1316 651 1355 commissum
664 1323 696 1355 est
713 1317 802 1356 materia
813 1320 948 1366 necessaria,

141 1378 189 1431 quia
200 1378 322 1418 necessario
334 1378 355 1417 in
368 1378 500 1418 confessione
513 1378 589 1430 exponi
606 1379 674 1418 debet.
691 1379 783 1419 Peccata
797 1381 897 1428 venialia,
915 1389 950 1421 aut

141 1441 238 1481 mortalia
251 1441 295 1491 jam
315 1441 356 1479 rite
375 1434 507 1480 confessione
526 1441 621 1492 exposita
639 1447 660 1480 et
679 1441 774 1492 expiata,
794 1449 843 1481 sunt
862 1444 949 1483 materia

142 1503 250 1543 sufficiens
266 1509 287 1541 ct
304 1503 370 1541 libera
379 1502 410 1550 ²),
428 1504 475 1554 quia
494 1503 587 1554 quamvis
605 1509 653 1541 sunt
667 1504 755 1541 materia
770 1510 817 1555 apta
834 1517 871 1555 pro
889 1505 948 1544 abso-

141 1565 230 1609 tutione,
248 1577 288 1602 non
306 1571 374 1603 tamen
386 1565 508 1604 necessario
520 1565 542 1603 in
554 1564 687 1603 confessione
706 1566 779 1615 exponi
796 1565 877 1604 debent
896 1567 948 1606 Pee-

142 1632 190 1666 cata
200 1626 302 1671 venialia,
322 1638 373 1676 quae
385 1627 475 1677 gratiam
486 1627 528 1664 Dei
539 1638 579 1664 non
591 1626 675 1671 tollunt,
701 1626 794 1677 quamvis
813 1628 884 1666 multis
902 1628 948 1667 aliis

143 1688 239 1727 remediis
252 1688 428 1738 expiaripossint‚
439 1688 536 1726 utibonis
549 1687 646 1737 operibus
657 1687 806 1726 condonatione
818 1688 948 1737 injuriarum,

143 1750 239 1800 precibus
251 1749 337 1799 aliisque
356 1749 502 1800 abnegationis
523 1755 544 1787 et
562 1748 730 1787 mortificationis
742 1749 823 1788 actibus
833 1746 863 1797 ³),
881 1756 949 1789 tamen

142 1811 176 1850 irbi
192 1811 285 1850 clavibus
299 1810 410 1849 Ecclesiae
426 1810 575 1860 subjiciuntur,
591 1810 678 1861 perinde
695 1822 719 1848 ac
741 1811 837 1849 mortalia
853 1823 891 1861 per
910 1812 949 1851 Sa-

143 1879 271 1912 cramentum
282 1873 426 1910 Poenitentiae
440 1873 583 1918 remittuntur,
600 1884 647 1910 nam
658 1873 716 1910 Deus
728 1873 773 1910 sine
786 1873 908 1922 exceptione
920 1874 949 1912 di-

142 1935 182 1973 xit:
201 1933 293 1983 Quorum
307 1934 434 1972 remiseritis
446 1940 486 1973 ete.
511 1934 609 1985 Adeoque
626 1933 785 1972 Sacramentum
803 1934 947 1973 Poenitentiae

143 1996 214 2035 eodem
228 2007 293 2046 prope
310 1995 369 2033 modo
386 2007 409 2033 se
426 1995 489 2033 habet
504 2007 557 2047 erga
577 2001 697 2045 peecatum,
715 2007 753 2046 quo
776 2007 829 2046 erga
856 1997 949 2035 morbum

143 2057 258 2101 medicina,
278 2069 329 2107 quae
341 2057 365 2094 de
378 2069 401 2094 se
413 2057 436 2095 ad
449 2057 533 2095 morbos
546 2069 624 2108 graves
643 2062 664 2094 et
677 2057 736 2094 lenes
751 2057 855 2095 sanandos
876 2058 949 2109 dirigi·
993 2106 995 2110 Ι

143 2126 189 2165 ῑιης
201 2119 249 2157 hinc
257 2118 364 2168 justorum
371 2118 405 2167 pia
416 2118 495 2168 praxis,
508 2118 542 2168 qui
550 2118 590 2156 etsi
602 2117 743 2156 solahabeant
756 2124 843 2168 peccata
849 2119 949 2165 venialia,

143 2193 190 2218 sese
212 2187 279 2218 tamen
299 2180 391 2218 clavibus
409 2180 519 2218 Ecclesiae
535 2180 647 2228 subjiciunt
658 2190 695 2229 per
709 2180 883 2218 sacramentalem
902 2193 949 2220 con-

144 2242 263 2280 fessionem.
287 2243 315 2279 Et
335 2241 449 2280 Concilium
466 2242 611 2280 Tridentinum
623 2254 725 2291 expresse
742 2241 825 2279 statuit:
846 2242 885 2281 „Si
904 2242 950 2291 quis

144 2303 230 2348 dixerit,
242 2315 355 2340 —-—-non
368 2303 433 2340 licere
441 2303 537 2341 confiteri
548 2310 636 2352 peccata
642 2302 742 2348 venialia,
756 2303 866 2341 anathema
877 2300 948 2349 sitm).

146 2364 254 2402 Confessio
272 2364 383 2402 venialium
396 2364 458 2402 etiam
476 2376 603 2416 magnopere
622 2364 727 2402 suadenda
747 2370 789 2409 est,
807 2377 831 2402 eo
847 2364 900 2415 quod
915 2364 949 2402 de-

144 2425 206 2469 licta,
224 2438 275 2476 quae
289 2426 379 2464 venialia
394 2432 473 2463 tantum
489 2432 599 2476 putantur,
616 2425 713 2464 mortalia
730 2437 778 2463 esse
794 2426 886 2476 possint,
904 2437 950 2463 nam

145 2486 243 2524 discretio
255 2500 354 2537 perquam
366 2487 458 2526 difficilis
471 2493 508 2525 est.
524 2487 594 2536 „Quae
607 2494 655 2526 sunt
666 2493 754 2537 peccata
766 2487 852 2538 gravia,
866 2492 887 2524 et
898 2498 950 2536 quae

149 2571 327 2581 ....-..-......

169 2620 185 2659 ¹)
193 2618 217 2700 582¹
226 2617 291 2700 Bsillpn
299 2618 540 2701 l’spllrrrdCXXXYlloet)
551 2620 571 2688 S
582 2620 639 2663 Cypr.
646 2620 731 2701 de5LaIps.
740 2620 824 2700 (plffitpzt
825 2618 877 2699 1Iltalip
885 2618 947 2701 Elpist.

196 2692 224 2750 toi
235 2734 257 2739 ·—
265 2676 369 2755 ³)eCi'esir.
379 2672 746 2761 iiilrililbiiiring.{i131ilSi'GIi'cgilllyesgsi
756 2677 819 2759 Episl.
830 2691 870 2748 can.
879 2691 904 2751 ad
912 2680 949 2752 Lec-

193 2765 227 2807 toj.
238 2773 255 2798 o.
265 2766 283 2797 6.
294 2763 314 2797 S.
325 2765 372 2808 Aug.
382 2766 404 2799 de
413 2767 460 2800 Fide
470 2771 490 2801 et
498 2776 542 2811 opp.
553 2777 569 2801 c.
579 2769 609 2800 26.
618 2766 716 2800 Enotririd.
732 2775 748 2799 c.
760 2767 789 2797 71.
800 2768 819 2796 et
828 2766 857 2798 78.
871 2765 892 2799 St
902 2768 948 2800 Isid.

192 2812 366 2898 {psxpucplpxhpptat
381 2816 404 2847 ad
416 2816 486 2858 poenit.
501 2816 574 2851 Aleuin.
589 2817 612 2849 de
627 2815 663 2850 Off.
678 2815 716 2848 div.
735 2824 752 2847 o.
772 2814 800 2846 13.
818 2831 842 2836 —
858 2814 874 2857 4)
893 2816 949 2850 Sess.
