2030 3193
795 83 822 124 21

19 219 42 257 ad
55 210 145 252 officinm
157 204 298 243 revocaverit,
313 204 378 253 „Quis
392 201 505 240 conteditnr
518 203 562 239 zelo
581 202 653 238 domus
669 197 725 235 Deir
746 195 785 244 Qui
804 208 825 233 o-

19 275 81 318 mnia,
94 266 145 319 quae
157 267 213 304 torto
222 265 257 303 ubi
266 264 322 303 videt
333 273 442 314 perversa,
458 261 536 312 satagit
547 261 668 304 emendare,
685 257 743 307 cupit
760 256 826 295 corri-

21 346 78 390 gere,
90 341 129 368 non
142 326 238 377 quiescit,
250 325 269 364 si
276 326 386 364 emendare
398 316 732 372 nonpotest‚t01erat,ge1nit’'¹).
746 316 827 367 Quanto

22 404 42 436 gt
53 402 112 443 quam
123 387 204 426 fervido
216 388 262 425 zelo
273 394 316 427 tum
328 384 410 438 gloriae
421 383 469 428 Dei,
481 388 524 420 tum
542 382 615 419 salutis
631 382 747 420 animarum
766 391 827 417 cnar-

21 454 74 496 serit
91 451 189 488 Salvator
210 449 312 499 optimus,
334 447 380 496 quis
396 455 481 493 quaeso,
498 442 624 493 cogitatione
642 442 736 493 assequi,
752 441 828 479 nedum

22 523 116 555 sermone
129 510 234 560 explicare
245 510 340 559 poterit?
352 505 404 554 Quis
415 511 484 555 putea,
495 503 535 541 fuit
543 502 601 541 sacri
609 502 665 541 illius
672 503 741 541 cordis
750 502 829 540 ardor?

23 574 74 628 quod
86 570 164 609 amoris
175 570 309 609 incendium?
322 566 427 615 cumipse
438 564 558 615 passionem
571 575 630 601 suam
642 568 663 600 et
673 570 761 601 mortem
768 575 828 602 acer·

21 634 129 676 liissimam
139 632 296 683 praecogitans,
310 640 349 679 qua
360 627 472 665 universos
483 625 577 664 homines
594 623 727 661 redemturus
743 631 795 669 crat,
808 630 829 661 et

24 698 48 735 de
59 695 96 733 illa
108 692 217 743 discipulis
228 692 366 742 proloquens:
377 688 493 738 Baptismo,
510 686 584 736 inquit,
599 684 666 722 habeo
680 684 794 733 baptizari,
810 691 830 722 et

24 755 123 808 quomodo
141 759 246 796 coarctor,
264 760 330 799 usque
348 750 395 787 dum
408 749 538 799 perficiatur.
555 748 629 798 Ignem
643 746 692 784 veni
708 745 793 786 mittere
809 745 830 787 iu

25 825 102 862 terras,
116 822 137 853 et
148 813 195 864 quid
206 812 260 857 volo,
273 810 314 849 nisi
326 817 349 848 ut
362 809 518 849 accendatur?''
533 807 559 857 2].

57 904 60 908 -
98 876 160 915 Hunc
172 874 259 912 eundem
269 873 340 923 ignem
351 877 395 910 toto
407 878 492 922 pectore
504 871 605 910 hauserat
617 870 640 908 S.
651 870 737 916 Paulus,
750 870 831 921 quando

29 941 74 991 ipsc
90 937 114 975 de
129 948 151 974 se
167 935 259 973 dicebat:
285 932 350 982 „Quis
367 933 493 979 infirmatur,
510 939 531 971 et
548 945 587 984 ego
603 945 643 970 non
658 932 769 970 infirmor?
787 933 833 983 quis

27 997 189 1042 scandalizatur,
202 1002 223 1034 ct
235 1008 274 1047 ego
289 1007 329 1034 non
344 995 422 1033 urorP'
441 993 467 1044 ³),
485 996 529 1034 Non
547 994 607 1041 dixit,
622 1003 645 1033 ut
661 1000 720 1034 recte
736 995 835 1034 observat

30 1064 53 1103 S.
67 1061 240 1109 chrysostomus:
253 1064 274 1096 et
286 1070 325 1109 ego
338 1070 377 1096 non
392 1057 489 1096 molestia
507 1057 595 1104 allicior,
613 1057 648 1095 sed
664 1056 727 1095 dixit:
745 1064 779 1097 „et
795 1069 834 1109 ego

28 1136 68 1164 non
86 1121 158 1166 uror,'’
179 1119 254 1158 urendi
273 1120 338 1159 verbo
361 1133 461 1159 sumrnmn
483 1120 575 1160 dolorem
591 1119 701 1158 ostendere
718 1120 791 1158 volens
807 1116 834 1168 ⁴].

30 1184 114 1235 Quando
125 1182 179 1221 idenr
192 1182 216 1220 ad
228 1181 430 1221 Thessalonicenses
442 1182 559 1222 scribebat:
573 1183 645 1222 „Nunc
657 1182 753 1228 vivimus,
766 1182 834 1220 sivos

30 1246 91 1285 statis
102 1244 123 1282 in
134 1244 243 1289 Domino,”
257 1257 309 1295 quae
321 1245 386 1283 rerba
406 1245 536 1295 perpendens
554 1244 576 1282 S.
593 1243 761 1293 cnrysostomus,
775 1244 835 1283 aride

29 1308 102 1358 inquit,
115 1313 243 1356 quantopere
256 1313 341 1345 sanctus
353 1305 387 1344 hic
401 1307 514 1356 Apostolus
530 1306 638 1350 studebat,
654 1311 676 1343 ut
691 1317 727 1343 res
745 1305 836 1344 fratrum

31 1375 89 1409 recte
101 1379 124 1406 se
135 1364 244 1412 haberent,
257 1367 292 1418 qui
303 1380 341 1406 nec
353 1368 425 1406 vivere
437 1368 517 1418 quidem
530 1380 552 1406 se
565 1367 707 1413 existimabat,
724 1367 742 1405 si
756 1367 836 1405 illinon

33 1436 104 1470 essent
116 1429 176 1468 salvi.
188 1428 264 1476 Homo,
276 1430 311 1479 qui
321 1429 392 1468 luerat
403 1437 476 1480 raptus
489 1431 513 1468 ad
525 1430 611 1468 tertium
623 1429 702 1468 coelum
721 1436 741 1467 et
757 1429 837 1467 delatus

32 1495 53 1532 in
63 1491 190 1542 paradisum,
203 1490 237 1541 qui
248 1491 318 1529 fuerat
328 1492 436 1542 particeps
447 1492 594 1541 mysteriorum
606 1491 748 1537 ineffabilium,
761 1498 782 1529 ct
792 1497 836 1529 tan-

34 1562 75 1593 tam
93 1552 144 1603 apud
161 1553 229 1590 Deum
248 1559 359 1591 assecutus
377 1561 410 1592 est
427 1554 534 1599 fiduciam,
550 1554 632 1591 illorum
648 1559 717 1591 tamen
735 1554 836 1591 bonorum

35 1627 119 1653 sensnm
130 1626 170 1652 non
180 1615 241 1653 valde
253 1615 376 1665 accipiebat,
387 1615 429 1653 nisi
446 1615 507 1654 ctiam
524 1615 612 1654 vidisset
626 1615 705 1653 fratres
721 1627 770 1654 suos
789 1627 837 1652 esse

35 1676 125 1715 salvos.'⁷
147 1675 194 1714 Hoc
204 1676 253 1728 igne
265 1677 304 1715 toti
316 1683 377 1715 erant
388 1677 473 1716 accensi
485 1684 505 1716 ct
515 1677 597 1716 incensi
610 1676 684 1715 Sancti
698 1677 793 1726 Apostoli
815 1689 835 1714 o-

35 1737 146 1783 mnes,hoc
155 1738 196 1776 zeli
204 1738 279 1777 ardore
290 1740 447 1790 flagrabanttot
458 1752 518 1789 quam
529 1739 613 1788 plurimi
625 1738 839 1783 SS.Patres,Saeer-

36 1800 94 1838 dotes
106 1805 127 1837 ct
143 1799 291 1844 eonfessores,
309 1813 395 1850 quorum
412 1801 495 1838 nomina
509 1801 589 1850 scripta
606 1800 688 1837 suntin
705 1800 758 1837 libro
775 1800 838 1837 ritae.

36 1860 118 1898 Utinam
131 1866 152 1898 et
163 1872 201 1898 nos
212 1860 252 1899 lioc
264 1869 337 1900 sancto
348 1862 398 1913 igne
411 1862 495 1900 accensi
506 1862 588 1899 nonnisi
599 1862 640 1899 Dei
652 1852 740 1911 gloriam
753 1867 774 1898 et
785 1861 840 1898 salu-

35 1928 76 1959 tem
87 1922 203 1959 animarum
215 1922 333 1960 sitiremus!
346 1922 385 1971 Qui
396 1922 435 1961 hac
445 1923 524 1961 virtute
536 1922 630 1972 privatus
643 1922 722 1967 existit,
742 1922 842 1960 duntaxat

34 1994 83 2020 raro
96 1989 117 2020 ct
129 1988 260 2029 cunctanter,
273 1996 299 2022 ne
312 1983 378 2022 dicam
391 1996 437 2022 cum
448 1985 524 2029 taedio,
538 1996 599 2022 sacro
617 1983 716 2022 tribunali
733 1984 840 2029 assidebit,

36 2043 102 2081 etubi
114 2055 236 2093 quacunque
247 2045 329 2083 ratione
347 2052 534 2083 coactus-munere
552 2044 657 2096 fungitur,
674 2044 731 2095 ignis
748 2051 781 2082 est
797 2044 842 2082 sinc

37 2105 114 2147 calore,
127 2104 158 2140 sol
171 2103 215 2140 sine
227 2105 280 2143 luce¹
296 2107 323 2143 Et
335 2106 504 2154 quernadmodmn
518 2106 538 2142 in
556 2106 614 2142 vitiis
630 2105 723 2142 omnibus
740 2105 790 2142 nihil
807 2117 843 2141 ne·

36 2164 95 2213 quius
107 2170 140 2201 est
152 2165 197 2201 zelo
209 2166 297 2214 profano
310 2178 334 2204 ae
346 2166 435 2211 nefario,
447 2167 477 2204 ita
494 2165 545 2211 nihil
559 2166 581 2203 in
595 2166 674 2203 virtute
688 2166 806 2214 perfectius
819 2178 843 2204 ac

35 2224 159 2262 laudabilius
172 2224 297 2272 christia1103
309 2232 398 2277 uterque
414 2226 540 2276 purissimus
558 2232 578 2263 et
594 2226 744 2264 subtilissimus
763 2233 802 2270 cst,
822 2232 846 2264 ut

36 2285 66 2323 ita
80 2285 153 2329 dicam,
172 2298 255 2332 succus,
272 2288 325 2325 alter
346 2287 426 2337 quidem
449 2287 563 2336 nequitiae,
582 2289 636 2325 alter
649 2299 700 2324 vero
716 2287 844 2326 sanctitatis.

38 2345 193 2393 Ooofcssarius,
206 2347 302 2399 quivero
314 2348 389 2387 salutis
402 2348 517 2387 animarum
532 2348 577 2386 zelo
594 2361 634 2386 iton
650 2348 765 2395 animatur,
780 2349 843 2388 facile

38 2409 173 2458 occupabitur
185 2410 210 2447 ab
223 2423 293 2449 amore
305 2410 337 2449 sui
348 2411 440 2460 proprio,
453 2409 638 2460 affectionibusque
657 2411 774 2461 corruptis,
792 2423 843 2461 quae

39 2468 95 2508 illum
108 2477 230 2521 sequuntur.

237 2577 381 2634 Conditiones
395 2579 441 2634 reri
456 2580 580 2635 animuum
594 2580 645 2634 zeli.

116 2704 133 2759 ξ.
148 2703 182 2747 19,
194 2708 234 2747 Ast
249 2721 314 2747 verus
336 2709 451 2748 animarum
466 2710 525 2748 zelus
539 2709 634 2760 pluribus
652 2721 700 2748 sese
718 2710 847 2749 commendat

45 2770 66 2802 et
76 2769 196 2808 manifestat
208 2770 297 2816 dotibus,
310 2784 361 2822 quas
374 2772 397 2811 S.
412 2773 534 2811 Bernardus
550 2779 656 2824 tamquam
673 2772 721 2811 veri
735 2771 848 2811 animarum

45 2848 239 2863 Ἢ..-

69 2872 83 2918 1)
94 2876 268 2924 5111111111,
278 2881 363 2916 cxviii.
372 2901 397 2907 -
405 2886 421 2924 2)
435 2883 481 2916 auo.
489 2883 532 2916 xii.
542 2883 646 2923 11111.-
660 2884 675 2923 ³)
689 2882 713 2915 11.
724 2879 809 2914 coam.
819 2880 849 2912 aa.

92 2926 108 2965 4]
118 2927 139 2960 ln
147 2928 227 2965 Encom.
238 2930 258 2965 S.
267 2932 349 2967 Romani
361 2932 388 2966 ul.
400 2933 450 2976 apud
460 2932 505 2966 Sur.
515 2932 532 2965 in
541 2941 558 2965 c.
568 2933 585 2964 3.
