2017 3193
865 122 909 170 241

101 257 147 284 nem
158 245 243 283 valeant
253 243 373 293 pervenire:
390 243 465 289 fortes,
477 256 503 281 ne
515 243 593 283 debiles
609 244 669 289 fiant,
688 241 782 287 debiles,
801 247 824 279 ut
842 241 910 280 foi-tes

53 295 58 303 ⁵
102 306 199 351 evadant;
211 304 295 351 infirmi,
307 311 330 344 ut
341 313 448 352 curentur,
460 305 616 350 benevalentes,
627 318 653 343 ne
664 305 804 343 infirmentur.
816 304 845 341 Et
857 303 910 352 quod

101 374 122 405 te
134 366 214 411 attinet,
225 371 296 415 utpote
307 366 458 418 imperfectam,
470 365 575 403 infirmam
587 378 611 403 ae
624 366 722 411 debilem,
738 378 790 417 eges
804 363 911 414 frequenti

103 426 257 465 Gommunione.
268 427 308 466 Dic
319 429 368 474 illis,
381 428 434 479 quod
445 427 467 471 ii,
480 425 515 475 qui
526 426 634 463 mundanis
646 427 737 476 negotiis
751 439 791 464 non
804 432 853 463 sunt
871 424 909 462 im·

101 487 185 537 plicati,
204 487 278 526 debent
293 490 376 539 saepius
391 487 554 530 communicare,
570 485 618 536 quia
631 485 709 522 habent
724 487 909 535 opportunitatem

102 548 137 597 qui
147 560 197 585 vero
214 548 331 598 hujusmodi
347 548 438 600 negotiis
451 547 583 592 detinentur,
601 546 648 595 quia
660 552 724 596 egent
739 546 908 585 Gommunione.”

101 607 150 646 Nec
158 610 356 659 praetermittendo
367 611 402 646 est
411 610 434 645 in
445 607 554 655 ejesaenodt
562 608 668 657 personis
682 618 751 643 soora
770 604 907 656 Commendo,

101 671 122 705 si
133 669 262 721 quandoque
273 681 317 707 non
328 669 470 723 sentit-bomo
482 666 600 717 specialem
612 666 734 704 devotionis
744 668 849 715 qratiam,
863 678 909 703 cum

103 741 125 766 se
138 729 162 766 ad
173 730 228 767 illam
240 740 369 779 praeparare
381 727 458 771 studet,
470 727 503 764 vel
514 727 535 764 in
547 726 593 776 ipsa
604 727 739 776 perceptione
750 726 784 763 vel
796 732 844 775 post
855 725 910 762 forte

102 789 170 827 minus
181 790 278 828 devotum
290 801 313 826 se
325 788 397 832 sentit,
409 799 470 836 quam
480 788 551 825 vellet.
563 788 625 832 Nam,
640 793 663 824 ut
678 787 701 825 S.
713 786 841 823 Laurentius
854 785 910 823 Just.

103 849 184 896 scribit,
197 848 381 899 „quemadmodum
394 847 510 897 corporalis
523 848 581 886 cibus
593 859 631 885 nos
644 847 687 892 alit,
706 846 851 885 etiamsinon
864 858 911 883 sen·

102 910 188 955 tianius,
206 910 235 947 ite
249 907 385 947 Eucharistia
402 908 461 946 nobis
476 909 597 959 quandoque
615 920 656 946 non
674 901 813 946 sentientibus
829 907 912 958 gratiae

101 970 231 1010 incremento
250 976 271 1006 et
288 969 399 1007 multorum
417 981 524 1007 munerum
543 969 603 1019 copia
621 968 719 1006 divinitus
737 967 825 1006 animam
843 967 913 1006 reficit

103 1038 164 1083 atque
176 1030 322 1070 c0r1·0b0rat.’⁷
334 1031 362 1068 Et
374 1030 457 1068 celeber
469 1030 614 1069 Cancellarius
626 1030 695 1068 Paris.
714 1030 809 1068 Joannes
827 1029 912 1068 Gerson

102 1093 185 1132 illorum
196 1092 293 1130 timorem
311 1097 332 1130 et
349 1092 491 1131 reverentiam
502 1093 570 1132 minus
581 1092 704 1144 prudentem
715 1097 788 1138 vocat,
808 1090 857 1142 „qui
875 1103 912 1129 no·

102 1156 146 1207 lunt
159 1155 183 1193 ad
195 1145 350 1193 Eucharistiam
362 1154 471 1201 accedere,
483 1155 524 1193 nisi
536 1154 577 1193 sint
589 1161 637 1194 actu
649 1155 720 1197 devoti
731 1160 752 1192 et
761 1154 851 1205 feroio'i,
866 1166 912 1192 eos·

104 1229 142 1268 que
154 1215 233 1254 similes
246 1210 294 1255 esse
306 1216 356 1255 dicit
365 1217 466 1266 friptdis,
479 1217 513 1267 qui
524 1218 597 1255 nolunt
613 1217 715 1256 accedere
731 1216 756 1255 ad
770 1216 852 1268 ignem,
872 1214 914 1253 nisi

103 1278 162 1328 prius
174 1277 216 1315 sint
228 1277 289 1316 calidi
293 1291 299 1322 ς
319 1284 339 1315 et
350 1279 444 1329 infirmis
450 1306 458 1327 ,
478 1279 512 1328 qui
523 1279 596 1316 nolunt
607 1279 665 1316 adire
676 1277 783 1323 medicos,
801 1277 843 1315 nisi
853 1276 912 1326 prius

104 1339 146 1376 sint
157 1338 203 1376 sani
207 1353 213 1384 ;
226 1338 299 1389 quibus
312 1351 337 1376 ex
344 1338 428 1387 justitia
440 1338 508 1377 divina
521 1339 604 1384 accidit,
621 1339 673 1390 quod
689 1338 778 1391 contigit
794 1338 862 1384 Adae,
878 1336 913 1388 qui

61 1396 63 1400 ⁸
104 1412 150 1440 cum
162 1405 209 1438 erat
219 1400 240 1438 in
251 1400 361 1446 Paradiso,
373 1400 439 1438 noluit
450 1400 474 1438 de
486 1400 543 1452 ligno
554 1401 610 1440 vitae
623 1401 744 1448 comedere,
757 1393 804 1439 cum
814 1412 865 1438 vero
875 1412 913 1438 vo·

103 1462 148 1507 luit,
160 1473 200 1500 non
211 1461 298 1512 potuit)l

178 1520 198 1562 3.
211 1523 263 1571 Quid
275 1536 325 1561 vero
338 1524 446 1563 dicendum
458 1524 522 1562 estde
531 1537 556 1563 ea
568 1537 643 1563 sacrae
652 1523 807 1563 Communionis
815 1523 914 1575 frequen·

104 1584 140 1630 tia,
149 1596 188 1634 qus
197 1584 237 1622 88.
245 1584 469 1637 Eucharistiaplorz'es
476 1598 562 1638 qaoque
567 1598 608 1637 per
615 1585 776 1625 hebdomadam
783 1585 913 1636 suscipitur?

179 1646 345 1697 §.Augustinus
358 1647 479 1696 quaerenti,
496 1653 566 1685 utrum
578 1647 667 1697 quotidie
686 1647 783 1696 accipere
797 1646 861 1685 liceat
871 1647 914 1684 Eu·

105 1705 227 1745 charistiam
239 1718 326 1751 necne,
343 1708 465 1756 respondet:
479 1707 579 1746 „Rectius
590 1708 647 1745 inter
659 1719 696 1745 eos
707 1707 800 1746 fortasse
813 1707 916 1757 quispiam

105 1765 184 1804 dirimit
195 1766 263 1811 litem,
276 1766 310 1816 qui
328 1774 407 1811 monet,
425 1775 448 1806 ut
457 1768 569 1818 praecipue
581 1768 602 1807 in
616 1768 696 1807 Christi
707 1780 762 1818 pace
770 1774 914 1819 permaneant.

105 1826 178 1865 Faciat
190 1833 258 1864 autem
270 1828 425 1879 unusquisque,
450 1829 502 1878 quod
517 1828 630 1868 secundum
648 1829 710 1868 fidem
726 1842 784 1867 suam
795 1829 829 1880 pie
847 1829 915 1868 credit

106 1899 153 1926 esse
166 1887 289 1926 faciendum.
301 1889 380 1926 Neuter
393 1889 446 1927 enim
459 1902 530 1927 eorum
539 1889 655 1928 exhonorat
664 1890 745 1939 Corpus
756 1889 915 1941 etSanguinem

104 1947 202 1991 Domini,
221 1948 266 1985 sed*
276 1949 437 1987 saluberrimum
450 1950 611 1988 Sacramentum
630 1950 726 1989 certatim
743 1951 848 1988 honorare
866 1962 914 1988 con·

105 2007 197 2045 tendunt.
214 2008 285 2057 Neque
298 2009 352 2046 enim
364 2009 504 2059 litigaverunt
514 2010 569 2047 inter
582 2023 615 2055 se,
633 2016 669 2048 aut
681 2010 789 2060 quisquam
807 2022 880 2048 eorum
892 2022 916 2047 se

106 2067 167 2105 alteri
179 2069 312 2118 praeposuit,
325 2069 435 2108 Zachaeus
448 2077 469 2108 et
479 2071 514 2108 ille
528 2071 641 2116 Centurio,
654 2083 700 2109 cum
713 2072 767 2109 alter
779 2083 851 2109 eorum
863 2082 915 2122 gau·

106 2128 156 2166 dens
167 2128 188 2165 in
201 2128 281 2167 domum
294 2141 352 2168 suam
365 2131 485 2181 susceperit
498 2131 620 2178 Dominum,
639 2132 693 2171 alter
705 2132 794 2171 dixerit:
811 2132 856 2170 Non
869 2143 916 2169 sum

107 2189 195 2242 dignos,
212 2195 235 2227 ut
252 2189 319 2228 intres
339 2192 376 2229 sub
389 2199 467 2231 tectum
485 2206 566 2239 meum;
584 2194 642 2232 ambo
665 2193 798 2232 Salvatorem
815 2192 915 2230 honorili-

107 2257 179 2290 cantes
192 2250 275 2289 diverso
284 2258 304 2289 et
313 2253 373 2302 quasi
385 2253 491 2292 contrario
503 2254 574 2300 modo;
587 2255 645 2293 ambo
657 2255 750 2304 peccatis
763 2253 842 2300 miseri,
856 2254 915 2291 ambo

105 2313 272 2352 misericordiam
285 2311 400 2353 consecuti.
412 2343 417 2352 .
430 2344 435 2353 .
448 2315 514 2353 uam
524 2315 560 2354 ille
569 2315 687 2355 honorando
697 2328 737 2354 non
750 2316 813 2355 audet
824 2315 915 2368 quotidie

107 2388 198 2422 sumere,
211 2382 231 2415 et
242 2375 404 2416 illebonorando
416 2390 456 2416 non
466 2377 527 2416 audet
538 2378 579 2417 ullo
586 2378 617 2417 die
625 2380 804 2430 praetermittere.
819 2379 915 2433 Contemf

106 2443 150 2478 tum
163 2439 229 2478 solum
240 2451 281 2478 nou
292 2440 337 2478 vult
349 2440 408 2479 cibus
420 2441 474 2487 iste,
492 2441 548 2480 sicut
559 2454 598 2480 nec
609 2454 685 2481 manna
696 2441 816 2482 fastidium’'
827 2440 853 2490 ¹).

178 2501 201 2540 S.
215 2502 359 2554 Congregatio
376 2503 397 2542 in
415 2504 500 2543 decreto
513 2504 561 2543 dato
576 2516 648 2543 mense
660 2504 763 2543 Januario
782 2500 855 2550 1587,
873 2509 915 2542 sta·

104 2566 171 2601 tutum
190 2563 297 2613 cujusdam
313 2564 413 2616 Episcopi
430 2566 517 2615 rejecit,
535 2579 573 2618 quo
586 2560 682 2613 nolebat,
699 2567 740 2605 nisi
751 2569 819 2606 certis
830 2569 918 2606 tontum,

103 2621 194 2676 doetus,
213 2626 315 2676 aliquibus
333 2628 388 2666 certi
409 2634 477 2666 status
497 2634 519 2665 et
539 2641 603 2667 sexus
623 2628 665 2667 88.
683 2629 839 2667 Eucharistiam
856 2628 916 2666 mini-

104 2684 180 2730 strari;
193 2687 246 2735 quod
258 2688 343 2726 obstare
357 2696 470 2727 censuerat
482 2689 614 2736 Tridentino,
632 2690 769 2736 concludens,
780 2689 815 2730 Et
824 2691 873 2728 ideo
886 2689 916 2727 o-

106 2744 172 2781 cttom
186 2750 233 2797 est,
252 2750 347 2801 quotidie
365 2749 534 2790 Eeoebortstiom
551 2750 675 2799 sreonere²].
692 2752 827 2792 Innocentius
844 2752 867 2790 P.
879 2750 914 2789 XI.

312 2831 314 2833 ,
811 2827 813 2830 .

129 2887 144 2934 ¹)
154 2889 217 2933 Epist·
227 2893 257 2926 5'4.
268 2895 317 2929 alias
329 2898 370 2931 118.
381 2897 404 2930 ad
413 2897 492 2931 Januar.
503 2904 520 2931 c.
529 2898 548 2930 2.
557 2915 582 2920 —
590 2897 606 2940 ²)
616 2895 665 2931 Vide
675 2898 763 2932 Schram.
770 2896 817 2931 lnst.
829 2894 915 2939 theolog.

153 2942 210 2981 myst.
220 2941 269 2984 Aug.
279 2944 336 2978 Vind.
347 2948 401 2980 1777.
