2056 3193
109 77 137 120 10

107 196 172 234 siruus
184 210 196 235 a
206 197 264 241 Deo,
276 194 344 232 redire
355 193 380 229 ad
386 194 438 230 Eum
450 193 490 231 nisi
500 206 538 242 per
549 193 685 234 humilitatem
693 208 732 234 non
744 194 866 246 possutnus'’
882 192 906 242 ¹).

107 257 188 293 Verum
199 269 239 292 non
251 256 309 291 datur
321 252 429 289 efficacius
447 253 569 289 humilitatis
583 257 718 300 exercitium,
737 268 796 305 quam
813 257 907 292 internas

108 316 170 352 animi
187 314 316 351 infirmitates
335 312 398 348 alteri
417 312 511 350 confiteri
526 324 647 361 omnemque
661 315 743 360 fucum,
762 328 800 365 quo
816 314 908 352 exterior

109 377 164 416 vitae
176 374 240 414 facies
256 377 288 411 est
306 384 427 426 eottspersa,
443 372 552 426 deponere,
572 381 633 427 atque
651 376 718 417 animo
737 379 842 429 speculum
862 390 907 417 01101

111 440 202 478 omnihus
214 436 302 474 maculis
315 438 358 475 suis
371 444 391 475 et
401 437 561 487 inquinamentis
573 439 618 476 viro
635 439 659 476 ad
674 440 819 479 Paenitentiae
835 453 909 478 rtrunus

108 501 201 547 deputato
214 498 345 546 purgandum
357 497 461 534 exhihere.
490 498 526 535 Sic
538 499 636 546 snperbia
646 510 754 546 vanaeque
772 502 804 536 sui
821 501 909 537 fidueiae

108 557 189 594 radices
201 556 308 603 paullatim
321 556 453 593 exsiccantur
466 563 486 593 et
498 556 603 602 deficiunt,
615 563 635 593 et
649 557 685 593 ubi
702 568 804 605 perversa
823 560 856 596 sui
872 571 908 596 vo-

107 619 174 658 luntas
187 616 295 665 emorhur,
307 617 415 658 reviviscit
426 624 447 658 et
457 625 570 672 vegetatur
581 620 677 659 voluntas
689 620 803 660 seeundum
815 635 851 677 001
862 622 909 661 Dei.

180 678 206 729 5]
218 683 313 732 Denique
335 681 445 720 solamina
456 683 592 733 spiritualia,
617 684 690 732 quibus
705 677 910 732 1000000000-

107 754 146 792 gro
158 743 297 790 poenitentiae
310 748 357 778 actu
369 743 470 790 repletur,
483 755 529 779 eum
541 744 560 779 ei
570 743 731 789 persuadeatur,
749 755 772 779 se
784 744 850 779 denuo
863 744 910 780 cha·

106 801 165 838 ritati
175 802 216 838 Dei
228 813 275 838 esse
286 801 452 846 reconciliatum,
464 813 518 839 nova
533 801 615 839 meliori
632 802 688 838 vitae
707 802 800 853 agendae
819 803 912 840 calearia

108 862 192 911 addunt,
204 870 224 903 et
235 862 316 903 vinculo
329 861 438 903 eharitatis
451 876 496 904 eum
509 864 534 905 ad
545 865 613 904 Deum
624 864 697 917 ligant.
710 865 852 905 Inflammatur
863 878 911 916 poe·

108 928 177 965 nitens
196 927 220 964 ad
236 927 303 964 Deum
318 928 474 973 redamandum,
494 929 528 977 qui
545 928 603 977 prior
621 940 668 965 eum
686 928 757 965 dilexit
774 922 830 965 etin
849 928 912 965 filium

109 988 219 1035 adoptavit.

184 1045 314 1094 Quapropter
327 1046 345 1082 si
356 1046 408 1083 haee
420 1058 494 1095 pauca,
507 1058 558 1095 quae
573 1046 737 1096 indigitavimus,
749 1045 912 1095 perpendantur:

111 1106 184 1148 rtrcrlto
197 1106 322 1148 assentimur
334 1107 367 1156 iis,
387 1121 438 1161 qnae
456 1108 587 1149 adurentem
607 1108 671 1149 Cone.
690 1108 748 1149 Trid.
768 1107 913 1149 Gateehismus

111 1173 170 1210 Rom.
178 1172 222 1220 jam
234 1184 271 1210 suo
282 1178 375 1222 tempore
392 1185 432 1210 non
448 1173 562 1211 verebatur
580 1174 647 1222 palam
666 1183 774 1210 asserere:
798 1171 914 1220 „Quidquid

110 1233 149 1270 hoc
167 1239 259 1280 tempore
277 1233 403 1277 sanctitatis,
420 1234 505 1280 pietatis
524 1240 544 1268 et
563 1233 672 1282 religionis
690 1233 710 1268 111
724 1233 822 1269 Ileelesia
834 1243 913 1267 summo

110 1292 151 1327 Dei
161 1291 260 1328 beneficio
274 1297 419 1328 conservatum
432 1297 471 1336 est,
482 1291 502 1328 id
514 1303 590 1342 magna
609 1302 634 1327 ex
650 1296 710 1340 parte
726 1290 859 1327 confessioni
877 1289 913 1326 tri-

111 1351 212 1392 buendum
231 1364 285 1400 esse,
304 1358 326 1393 ut
344 1352 395 1393 nulli
412 1352 528 1394 mirandum
546 1353 580 1401 sit,
598 1352 683 1394 hnmani
694 1353 780 1407 gerieris
791 1351 873 1393 hostem
885 1370 922 1381 -ι

111 1417 163 1455 hanc
174 1418 240 1455 veluti
251 1417 383 1456 Christianae
394 1419 479 1456 virtutis
492 1430 563 1457 arcem
578 1418 627 1456 totis
645 1418 726 1455 viribus
743 1429 864 1468 oppugnare
880 1429 913 1455 eo-

111 1485 180 1515 natum
192 1479 251 1515 esse''
266 1478 291 1526 ²).

184 1538 240 1573 Unde
253 1544 273 1573 et
285 1549 355 1574 enarres
367 1539 424 1573 viros
436 1539 540 1587 Ingenuos
553 1538 607 1573 omni
622 1542 715 1584 tempore
734 1536 754 1571 in
773 1536 805 1571 sui
823 1534 912 1570 admira-

112 1598 188 1636 tionem
199 1597 268 1649 rapuit
278 1596 317 1637 hoe
330 1596 444 1653 catholicae
455 1597 566 1638 Ecclesiae
577 1596 702 1644 institutum,
719 1594 738 1646 ³]
757 1594 816 1647 eujtts
833 1594 865 1635 rei
884 1601 914 1636 10-

113 1670 164 1702 stem
178 1663 243 1701 solum
255 1664 360 1702 nominare
369 1659 591 1715 Ι1011011110ιο01ος01
603 1662 691 1700 nominis
702 1661 836 1706 Leihnitium,
849 1661 914 1710 quiin

113 1738 150 1763 suo
163 1731 274 1773 systemate
286 1725 403 1776 theologico
415 1726 487 1775 paucis
505 1725 573 1763 omnia
588 1723 744 1773 comprehendit
760 1723 841 1760 dicens:
859 1723 915 1759 „To-

113 1792 156 1821 tum
167 1785 205 1821 1100
216 1786 333 1821 institutum
345 1787 413 1821 divina
424 1786 527 1832 sapientia
539 1785 624 1833 dignum
636 1795 684 1819 esse
696 1783 771 1831 negari
786 1793 825 1816 non
837 1786 914 1827 potest,

114 1849 136 1880 et
154 1843 172 1880 si
189 1843 235 1892 quid
251 1844 311 1888 aliud,
330 1843 369 1881 hoe
385 1850 443 1881 certe
459 1843 480 1880 in
496 1842 616 1881 Christiana
627 1840 738 1893 Religione
750 1840 882 1890 praeclarum
894 1845 915 1877 et

114 1905 215 1947 laudabile
228 1913 266 1955 est,
280 1907 332 1960 quod
344 1915 365 1948 et
377 1907 477 1948 Sinenses
490 1914 511 1947 et
522 1907 654 1960 Japonenses
673 1912 723 1945 sunt
741 1903 850 1945 admirati:
869 1917 915 1943 nam

115 1977 135 2007 et
147 1984 158 2008 a
169 1972 260 2020 peccatis
272 1974 346 2009 multos
359 1972 452 2009 deterret
464 1971 574 2009 confitendi
585 1970 712 2014 necessitas,
725 1981 761 2005 eos
774 1967 869 2010 maxime,
882 1967 916 2016 qui

115 2032 202 2068 nondum
214 2033 305 2068 obdurati
323 2039 377 2076 sunt,
395 2038 416 2069 01
433 2033 497 2079 lapsis
516 2044 613 2080 magnam
632 2030 795 2067 consolationem
812 2033 915 2074 praestat,

115 2095 137 2124 ut
148 2089 197 2125 adeo
209 2096 283 2138 putem,
295 2091 357 2139 pium,
370 2102 457 2141 gravem
469 2096 490 2127 et
506 2090 629 2138 prudentem
648 2087 800 2126 confessarium
819 2095 915 2135 magnum

114 2150 153 2191 Dei
166 2163 265 2206 organum
278 2165 324 2193 esse
337 2152 361 2194 ad
374 2152 488 2193 animarum
500 2152 598 2193 salutern:
612 2150 699 2204 prodest
717 2148 771 2191 enim
788 2147 832 2200 ejus
848 2145 915 2189 oonsi-

114 2219 163 2256 lium
176 2217 200 2255 ad
211 2218 314 2268 regendos
327 2220 422 2263 affectus,
436 2218 461 2256 ad
474 2217 656 2255 animadvertenda
668 2216 719 2253 vitia
730 2221 810 2258 nostra,
818 2211 916 2249 advitan-

115 2279 151 2316 das
163 2285 295 2328 peecatorum
308 2279 438 2323 occasiones,
452 2279 476 2315 ad
488 2278 641 2315 restituendum
648 2277 738 2314 ablatum
751 2281 771 2311 et
782 2272 920 2321 reparandum

115 2339 216 2379 damnum,
229 2338 253 2372 ad
265 2338 325 2373 dubia
341 2339 458 2380 eximenda,
479 2338 503 2372 ad
522 2337 644 2385 erigendam
662 2340 752 2369 01001001
768 2332 878 2374 afflictam,
897 2331 921 2366 ad

115 2396 183 2436 onmia
195 2396 280 2449 denique
292 2397 372 2437 animae
384 2397 438 2436 mala
451 2403 486 2436 aut
498 2396 588 2436 tollenda
600 2401 635 2435 aut
646 2391 781 2447 1011100011ιῖᾖ

189 2462 237 2501 Jam
249 2462 267 2500 si
278 2469 372 2502 nostrum
384 2462 528 2501 Poenitentiae
540 2462 666 2505 institutum,
679 2472 718 2509 qua
737 2464 796 2496 aetus
813 2457 921 2501 humanus,

116 2531 186 2562 tantae
199 2531 231 2561 est
243 2524 349 2562 efficaciae
361 2526 381 2562 in
393 2526 498 2575 integram
509 2524 598 2561 hominis
610 2522 682 2565 vitant,
694 2519 789 2568 profecto
801 2530 841 2555 non
848 2530 922 2566 possu-

115 2597 162 2620 mus
184 2596 224 2619 non
247 2584 345 2619 admirari
373 2591 394 2619 et
422 2585 532 2619 eelehrare
561 2582 685 2628 sapientiam
703 2579 751 2620 Dei,
767 2579 801 2624 qui
820 2577 876 2612 actui
892 2577 923 2611 illi

115 2641 194 2681 addidit
207 2641 337 2679 Sacramenti
350 2642 471 2695 dignitatem
485 2648 504 2679 01
517 2640 614 2695 gratiam,
627 2661 656 2666 ψ
672 2637 723 2676 Gott
741 2635 777 2673 hat
796 2635 848 2682 dem,
868 2647 921 2681 10110,

115 2755 310 2764 ,-......----

139 2803 342 2846 1)Ena1·r.inPsalm.
355 2805 442 2836 XXXIII.
461 2824 484 2827 -
502 2806 517 2840 ²]
536 2804 558 2834 P.
575 2803 599 2833 ΙΙ,
618 2810 635 2833 e.
653 2802 671 2832 5.
690 2809 707 2840 q.
726 2800 756 2830 32.
774 2807 791 2829 n.
807 2800 822 2829 I.
837 2799 923 2829 011.-

164 2855 180 2890 ³)
191 2850 570 2890 8011101110111110ἕί100111010011501100
580 2848 674 2887 Religion.
692 2848 710 2876 2.
724 2845 759 2876 Bd.
771 2845 792 2875 S.
808 2845 922 2882 757Passan

166 2900 219 2935 1835.
