2056 3193
154 131 199 178 242

153 248 174 286 in
193 249 278 286 decreto
300 247 324 284 de
340 246 447 297 frequenti
462 247 611 285 Oorrrnrunione
636 246 690 285 edito
709 244 780 295 1679,
798 249 830 288 die
847 245 881 288 12.
900 250 962 288 Febr.
1009 296 1012 301 ν

153 309 226 353 uetuit,
238 320 264 345 ne
275 310 342 346 artrica
351 310 465 360 praecepti
473 307 577 357 fornacula
589 308 657 361 clipei
665 321 676 346 a
684 308 802 358 quotidiana
813 312 847 349 vel
858 310 964 360 frequenti

154 369 303 407 Oornmunione
321 369 491 415 deterrerentur,
509 376 544 408 aut
556 370 680 408 accedentes
698 370 864 419 repellerentur,
882 378 916 410 aut
928 383 962 409 su-

152 430 221 467 mendi
233 430 277 467 dies
290 431 418 481 generaliter
432 429 611 468 constituerentur
619 445 624 476 ς
638 431 699 478 jubet
711 433 789 475 tamen,
807 437 830 468 ut
843 432 930 480 parochi
942 438 962 470 et

153 490 280 528 confessarii
296 491 420 542 invigilent,
437 498 461 529 ut
478 491 563 541 quisque
575 503 613 539 pro
624 491 793 540 praeparationis
806 489 834 528 et‘
845 491 962 531 devotionis

152 552 212 589 modo
226 551 296 589 rarius
316 557 350 589 aut
362 552 458 589 crebrius
474 551 536 602 digne
553 551 646 589 accedat.
658 552 741 589 Deinde
756 552 862 596 hortatur,
879 558 901 589 ut
919 553 961 590 fre-

152 613 250 662 quentius
262 613 439 650 communicantes
452 612 570 650 excitentur
583 612 607 649 ad
619 624 716 664 magnam
727 613 923 663 praeparationem,
941 619 961 650 et

152 674 177 711 ad
192 674 348 724 agnoscendam
369 686 427 712 suam
445 673 600 719 infirmitatem,
618 679 641 711 ut
659 673 760 724 dignitate
781 673 923 719 Sacramenti,
941 680 962 711 et

151 734 261 772 formidine
278 735 341 773 diuini
355 734 426 783 judicii
441 734 535 779 discant,
553 735 666 772 coelestem
685 746 788 779 mensam,
804 734 825 771 in
844 747 883 783 qua
901 735 960 773 cbri-

152 802 197 833 stus
210 802 254 841 est,
271 795 380 839 revereri,
394 802 414 833 et
425 796 444 832 si
455 796 534 845 quaudo
547 796 613 833 minus
626 807 649 833 se
661 801 746 844 paratos
758 795 878 839 senserint,
894 796 919 833 ab
937 808 961 833 ea

152 856 258 893 abstinere
280 868 343 905 seque
359 856 384 893 ad
401 856 501 904 majorem
518 856 699 906 praeparationem
715 856 835 906 accingere.
857 856 960 893 Moniales

150 928 201 953 vero
213 916 258 953 vult
270 917 357 965 obsequi
369 916 453 954 Ordinis
468 916 501 953 sui
513 917 597 955 statutis
602 932 607 962 ;
625 916 644 953 si
658 929 709 967 quae
721 923 789 954 tamen
802 916 912 959 cementis
924 928 959 965 pu·

150 976 214 1013 ritate
226 975 316 1021 niteant,
333 983 357 1014 ut
368 976 443 1027 dignae
454 976 565 1014 videantur
577 977 720 1027 frequentiore
732 983 767 1014 aut
779 976 911 1026 quotidiana,
925 976 958 1024 ju·

150 1036 195 1080 bet,
212 1042 235 1073 ut
246 1037 266 1074 id
278 1037 343 1073 illisa
359 1036 510 1085 Superioribus
525 1038 666 1086 permittatur.
679 1059 708 1065 -
722 1036 841 1074 Ludovicus
857 1032 959 1074 aaronis

150 1096 189 1135 hac
208 1096 270 1134 dere
289 1096 372 1136 scribit:
391 1096 508 1136 ‚issurrihoc
523 1097 685 1136 Sacramentum
699 1097 758 1147 panis
775 1097 802 1135 sit
817 1097 958 1147 quotidianus,

151 1158 251 1195 credibile
263 1164 305 1204 est,
323 1169 362 1195 non
375 1159 449 1196 deesse
461 1158 569 1196 hodiedum
581 1159 602 1196 in
619 1159 727 1204 Ecclesia,
746 1158 779 1208 qui
790 1164 875 1208 praeter
887 1170 958 1196 sacer-

150 1217 208 1256 dotes
221 1218 301 1264 adiiiitti
312 1218 394 1268 possint
406 1219 430 1256 ad
442 1219 581 1269 frequentiam
594 1220 639 1269 plus
652 1231 711 1269 quam
724 1219 860 1256 octiduanam.
877 1221 905 1256 Et
917 1219 958 1256 sic-

149 1286 172 1317 ut
182 1279 202 1317 in
221 1279 327 1330 primitiva
341 1280 440 1318 Ecclesia
457 1280 602 1331 largiebantur
616 1280 667 1318 illud
678 1279 773 1330 Apostoli
786 1279 875 1329 quotidie
888 1280 957 1317 multis

149 1341 259 1388 fidelibus,
276 1342 306 1380 ita
318 1348 349 1380 est
362 1342 472 1388 credibile,
487 1354 527 1380 non
539 1342 648 1381 defuturos
660 1341 680 1380 in
692 1341 790 1381 Ecclesia
802 1354 856 1380 nunc
871 1341 958 1393 aliquos,

149 1403 189 1442 etsi
198 1416 296 1455 paucos,
316 1403 349 1455 qui
361 1410 481 1442 mereantur
493 1404 513 1442 id
524 1404 602 1455 ipsum:
623 1417 661 1443 nec
674 1405 727 1442 enim
740 1403 861 1443 abbreviata
873 1410 905 1442 est
916 1416 958 1442 ma-

148 1478 186 1503 nus
198 1466 292 1512 Domini,
315 1478 381 1516 neque
398 1466 491 1518 Sanguis
503 1466 557 1505 Jcsu
570 1466 650 1505 Christi
660 1466 773 1519 refriguit,
790 1473 813 1505 ut
824 1471 903 1504 tantum
918 1478 961 1513 non,

148 1527 230 1565 ferveat
241 1528 300 1566 modc
316 1528 336 1565 in
349 1528 464 1578 aliquorum
483 1528 592 1573 cordibus,
610 1534 708 1579 quantum
721 1528 799 1566 feruuit
817 1534 866 1567 tunc
877 1528 898 1565 in
911 1527 967 1566 cor?

148 1588 206 1626 dibus
218 1589 351 1627 nrultorum.''
361 1588 385 1637 ¹).

221 1652 254 1688 Ex
272 1651 345 1701 quibus
366 1657 438 1700 patet,
456 1651 619 1690 comnumionem
635 1651 801 1703 praetutianum,
820 1658 905 1701 praeter
923 1664 957 1689 sa·

148 1712 259 1756 cerdotes,
277 1711 378 1750 astartibus
394 1711 495 1750 absolute
507 1715 596 1751 vetitam
607 1725 647 1751 non
660 1725 720 1758 esse3
736 1719 769 1750 ast
780 1725 820 1750 non
833 1712 894 1751 facile
913 1724 956 1750 eam

146 1772 187 1822 piis
209 1785 288 1823 quoque
302 1773 432 1823 petentibus,
450 1774 624 1819 aconfessariis,
642 1786 728 1824 quorum
741 1774 820 1822 judicio
840 1774 957 1824 frequentia

147 1845 221 1880 sacrae
240 1834 390 1872 counmmionis
409 1835 566 1872 determinanda
585 1848 596 1872 a
612 1835 712 1872 Patribus
732 1835 820 1872 Concilii
838 1834 957 1872 Tridentini

146 1894 221 1932 relicta
238 1900 283 1938 est,
301 1894 454 1932 concedendam
475 1894 534 1940 fore:
552 1895 599 1945 quia
619 1895 695 1933 merito
711 1895 823 1932 timendum
838 1895 913 1939 instat,
931 1906 956 1932 ne

146 1966 182 1991 res
194 1955 449 2000 sacratissimavilescat,
468 1961 503 1992 aut
513 1956 658 2005 praeparatio,
677 1955 743 2004 qualis
756 1955 837 1992 omnino
850 1960 924 1992 exacta
936 1961 957 1992 et
999 1953 1001 1955 ’

146 2014 223 2051 eximia
233 2015 356 2063 requiritur,
368 2015 429 2053 desit,
442 2015 467 2053 Si
478 2027 530 2065 quac
541 2027 592 2052 vcro
605 2016 647 2052 sint
658 2015 737 2052 animae
751 2015 855 2066 singulari
866 2016 956 2064 puritate

145 2074 247 2119 nitentes,
264 2087 315 2125 quac
327 2075 377 2113 adeo
390 2076 521 2126 frequentem
534 2075 703 2113 Continunionem
715 2075 842 2120 desiderant,
859 2081 882 2113 ut
893 2076 955 2124 profr-

146 2135 203 2173 ciant
217 2136 237 2172 in
254 2135 322 2173 divino
341 2148 425 2180 anmre,
444 2148 489 2173 eam
501 2136 584 2174 videtur
597 2148 636 2173 non
648 2148 711 2185 posse
727 2136 820 2174 director
839 2136 955 2184 spiritualis

145 2196 190 2233 sine
206 2197 305 2246 scrupulo
321 2209 408 2248 negare.
420 2197 500 2246 Excipe
513 2203 582 2234 tannen
595 2197 700 2234 ordinarie
711 2196 812 2246 loquendo
824 2208 886 2234 tinum
902 2197 955 2234 diem

144 2257 164 2293 in
181 2257 254 2307 quavis
271 2257 407 2302 hebdomada,
426 2264 447 2295 et
458 2258 530 2295 facere
546 2258 613 2294 solent
625 2258 738 2306 prudentes
755 2257 817 2306 aliqui
829 2257 954 2301 directores,

145 2318 218 2367 excipe
230 2324 311 2367 tempus
323 2318 383 2364 illud,
396 2330 435 2368 quo
447 2318 528 2368 privari
538 2318 603 2355 velint
615 2312 748 2368 praenitentes
757 2317 913 2362 Cornrnunione,
931 2317 956 2355 ad

144 2379 271 2426 probandam
293 2391 365 2416 eorum
381 2379 530 2423 obedientiam,
550 2385 585 2416 aut
600 2378 749 2427 hurnilitatcm,
769 2384 805 2416 aut
823 2378 847 2415 ob
867 2378 955 2427 aliquam

145 2439 205 2476 aliam
214 2440 294 2487 justam
310 2439 427 2487 causarrr²].
451 2441 522 2491 Legas
535 2452 612 2490 quaeso
625 2440 649 2477 de
666 2438 704 2478 hoc
717 2439 793 2489 puncto
806 2445 854 2477 acta
867 2438 955 2477 Concilii

143 2499 305 2539 Mediolanensis
322 2500 359 2538 sub
380 2501 402 2539 S.
416 2500 492 2539 Carolo
503 2501 647 2546 Borrcmaeo,
666 2507 688 2538 et
700 2512 751 2551 quae
766 2500 873 2550 sapienter
889 2505 910 2537 et
920 2500 954 2550 pie

143 2567 214 2600 monet
230 2562 253 2599 S.
268 2562 397 2601 Franciscus
414 2562 509 2601 Salesius
527 2562 548 2601 in
562 2563 616 2601 libro
632 2562 656 2601 de
674 2562 829 2601 introductione
846 2562 871 2601 ad
890 2561 954 2600 vitam

143 2625 246 2663 devotam.
256 2621 282 2671 ³),

167 2775 182 2814 ί)
193 2774 248 2806 Toni,
262 2772 276 2805 Ι.
287 2772 311 2805 de
319 2773 371 2806 Perf.
387 2763 499 2807 christiana.
509 2774 531 2806 T.
542 2773 573 2807 lV.
584 2783 601 2807 c.
612 2775 629 2806 6.
640 2773 655 2816 fi.
665 2775 683 2806 3.
693 2792 717 2797 —-
732 2761 740 2815 ¹]
753 2772 792 2805 Cfr.
807 2772 827 2804 S.
842 2771 882 2815 hig.
895 2772 952 2806 Prax.

191 2822 277 2856 confess.
287 2830 306 2854 u.
317 2822 426 2858 tac-155.
437 2840 461 2845 -
470 2824 486 2863 ³)
496 2822 580 2855 Philoth.
589 2823 611 2855 P.
622 2823 645 2855 ll.
656 2831 672 2855 ο.
682 2824 712 2855 20.
723 2820 774 2855 Libr.
784 2821 807 2853 ll.
816 2821 871 2865 epist.
882 2823 912 2855 39.
922 2822 952 2855 y46.
