2056 3193
142 118 185 159 tro

137 245 185 274 nam
197 233 287 289 gratiam
298 237 386 286 peccata
405 232 439 271 vel
451 243 476 271 ex
488 232 564 272 motivo
577 232 688 273 charitatis
707 232 840 287 theologicae
858 233 949 272 detesta-

138 311 192 343 mur,
212 312 235 336 eo
248 299 300 349 qnod
312 299 380 335 Deum
400 310 503 336 summum
516 305 536 336 et
548 298 602 336 omni
620 310 690 336 amore
710 298 856 350 dignissimum
875 298 948 338 donum

139 360 299 402 offenderimus3
316 359 350 395 vel
366 358 390 396 de
411 359 486 396 iisdem
498 372 524 397 ex
537 360 613 397 riiotivo
631 359 733 397 inferiore
750 360 850 404 dolemus,
866 361 949 399 scilieet

140 432 165 456 ex
176 425 230 455 metu
248 430 363 466 poenarum
380 419 521 463 infernalium,
541 421 575 455 vel
591 425 677 467 propter
696 420 849 457 consideratam
867 421 950 469 peccati

139 478 292 526 turpitudinem.
307 478 458 514 Corrtritionern
477 478 621 525 imperfectam
634 479 696 514 etiam
716 482 851 515 attritionem
865 486 948 516 vocant.

139 541 170 577 Ex
179 537 213 576 ,his
226 538 360 591 perspicitur,
373 543 471 589 qnantum
482 537 567 576 intersit
579 538 634 575 inter
647 531 794 576 contritionem
803 539 864 576 etiam
872 539 948 590 imper·

138 603 215 642 sectam
227 611 248 643 et
260 603 406 643 contritionem
418 603 541 642 naturalem.
557 603 594 642 llla
606 602 707 654 siquidem
727 602 804 643 enfide
817 609 859 649 est,
875 609 948 656 estque

139 666 308 713 supernaturalis
321 665 407 708 ordinis
419 664 472 702 haec
485 672 571 703 terrena
583 671 622 709 est,
635 678 673 703 neo
686 665 795 714 quidquam
807 667 863 703 valet
880 666 901 703 in
913 678 946 704 sa-

138 725 188 761 lutis
200 725 292 774 negotio.
306 723 364 761 Talis
378 730 423 760 erat
435 725 533 761 contritio
545 725 643 761 Antiochi
654 725 714 775 regis
725 724 754 771 1),
769 725 817 762 talis
836 732 882 762 erat
898 738 946 763 con-

139 784 197 820 tritio
209 785 266 820 Esau
273 782 299 829 ²).
320 783 498 832 Distinguendum
516 790 584 820 tamen
603 790 636 820 est
652 787 756 821 motivum
774 785 906 821 contritionis
922 786 946 821 ab

139 846 263 895 decurione,
277 856 316 895 qua
329 843 374 895 quis
387 843 412 881 ad
425 843 571 881 contritionem
584 850 604 881 et
615 843 764 894 poenitentiam
772 845 884 889 excitatur,
896 857 916 881 v.
924 857 945 895 g.

140 921 190 948 casu
203 908 298 954 adverso,
311 907 390 954 morbo,
401 907 435 946 vel
447 907 487 945 alia
500 920 620 959 quacunque
633 906 758 954 afflictione,
776 908 830 948 unde
841 907 901 947 multi
913 920 947 947 oc·

140 971 245 1008 casionem
261 977 344 1007 sumunt
362 970 463 1007 redeundi
475 971 500 1007 ad
511 971 578 1008 Deum
589 983 628 1020 per
647 971 792 1009 contritionem
812 972 835 1009 de
853 971 947 1020 peccatis

140 1037 261 1077 conceptam
274 1042 299 1065 ex
312 1030 398 1078 quodam
410 1029 487 1066 motivo
500 1031 661 1078 supernaturali.

205 1144 285 1208 brialis
300 1146 404 1200 contritio
419 1144 564 1201 Sacramenta
578 1144 732 1224 Poenitentiae
745 1145 885 1199 necessaria.

213 1275 231 1327 ξ.
245 1272 295 1314 118.
309 1275 408 1322 Quaestio
421 1276 473 1314 haec
485 1276 560 1313 sumini
571 1276 668 1313 momenti
680 1283 725 1321 est,
744 1283 816 1324 utpote
835 1289 896 1325 quum
914 1289 947 1314 re-

140 1335 307 1372 conciliationem
320 1348 365 1372 cum
377 1337 423 1372 Deo
436 1336 529 1372 attineat.
543 1336 681 1372 Tutissimum
699 1337 719 1371 in
735 1336 774 1372 hac
790 1336 947 1373 difficultatibus

141 1394 228 1442 obsepta
239 1406 262 1431 re
275 1406 323 1431 esse
336 1394 471 1439 arbitramur,
484 1395 503 1431 si
513 1395 571 1443 prius
583 1394 649 1443 ipsius
662 1395 798 1431 Tridentinae
810 1395 889 1441 synodi
901 1407 947 1432 scn-

140 1468 164 1495 sa
177 1461 198 1494 et
210 1455 294 1495 definita
307 1454 421 1495 audiamus.
440 1456 509 1495 Docet
521 1467 583 1494 sacra
596 1454 702 1505 Synodns:
723 1454 784 1494 „Etsi
802 1455 948 1493 contritionem

139 1520 192 1559 hane
205 1520 312 1571 aliquando
326 1520 428 1560 charitate
440 1521 555 1571 perfectam
569 1533 616 1558 esse
626 1520 740 1572 contingat,
752 1518 948 1572 hominemqneDeo

140 1582 286 1626 reconciliare,
299 1584 419 1631 priusquam
437 1583 476 1621 hoc
488 1583 650 1620 Sacramentum
665 1589 712 1620 actu
725 1582 852 1631 suscipiatur
857 1597 863 1627 3
881 1582 948 1631 ipsam

140 1641 272 1677 nihilominus
284 1643 476 1679 reconciliationem
494 1642 535 1689 ipsi
548 1642 667 1678 contritioni
685 1642 730 1678 sine
744 1642 878 1679 Sacramenti
892 1648 948 1685 voto,

140 1700 192 1749 quod
204 1701 224 1737 in
235 1700 271 1737 illa
282 1701 402 1746 includitur,
414 1713 454 1738 non
467 1713 514 1738 esse
528 1700 693 1738 adscribendam.
706 1701 765 1737 illam
776 1712 827 1737 vero
840 1701 948 1738 contritio-

140 1774 186 1802 nem
197 1762 349 1814 imperfectam,
363 1775 414 1815 quae
427 1763 506 1803 attritio
520 1761 602 1810 dicitnr,
622 1762 717 1814 qnoniam
728 1762 761 1800 vel
773 1774 799 1800 ex
815 1761 948 1813 turpitudinis

140 1828 222 1878 peccati
240 1827 421 1874 consideratione,
440 1829 473 1866 vel
486 1841 512 1867 ex
524 1826 632 1879 gehennae
651 1833 671 1865 et
687 1839 800 1877 poenarum
820 1833 875 1865 nictu
894 1838 948 1865 corn·

140 1890 229 1925 rrrnnite‘r
242 1890 367 1938 concipitur,
379 1890 397 1926 si
409 1892 537 1927 voluntatem
549 1889 650 1937 peccandi
662 1890 758 1926 excludat
770 1902 816 1926 cum
824 1889 949 1938 speveniae‚

139 1948 241 1991 declarat,
254 1960 294 1984 non
306 1950 373 1985 solum
385 1961 424 1985 non
437 1950 510 1986 faeere.
521 1949 624 1985 bominem
635 1948 766 1995 hypocritam
779 1955 799 1984 et
813 1950 882 1997 inagis
900 1961 948 1995 peo-

139 2014 239 2050 catorcm,
252 2009 399 2045 verumetiam
412 2008 487 2045 donum
498 2007 540 2045 Dei
552 2019 606 2051 esse,
620 2013 640 2044 et
653 2007 745 2055 Spiritus
757 2007 949 2056 sanetiimpulsnm,

139 2083 178 2110 non
191 2068 256 2110 adhuc
270 2070 351 2122 quidem
363 2069 509 2117 inhabitantis,
529 2067 565 2108 sed
577 2074 656 2108 tantum
668 2067 777 2115 narrentis,
791 2081 829 2121 quo
841 2068 949 2120 poenitens

140 2135 222 2185 adjutus
234 2135 289 2173 riam
301 2135 341 2174 sibi
353 2136 378 2174 ad
386 2135 491 2185 justitiam
502 2141 569 2185 parat.
588 2135 616 2172 Et
633 2133 727 2185 quamvis
747 2134 792 2172 sine
811 2133 949 2173 Sacramenta

139 2197 283 2234 Poenitentiae
301 2209 338 2245 per
357 2210 380 2234 se
399 2198 424 2235 ad
437 2197 610 2245 justificationem
628 2196 745 2245 perducere
763 2203 896 2245 peccatorem
914 2209 949 2234 ne·

140 2263 215 2303 queat3
234 2262 303 2292 tanren
316 2269 362 2293 eum
375 2258 400 2293 ad
411 2258 452 2293 Dei
464 2258 555 2306 gratiam
566 2258 587 2292 in
606 2256 744 2292 sacramento
756 2257 901 2293 Poenitentiae
911 2257 949 2292 im-

139 2314 261 2364 petrandam
273 2314 374 2364 disponit''
385 2313 412 2361 ³).
431 2316 504 2364 Itaque
517 2312 536 2352 1.
550 2315 648 2351 contritio
660 2315 755 2363 perfecta
767 2321 800 2351 est
811 2315 892 2362 quiderm
903 2315 950 2351 idea

140 2388 176 2416 seu
189 2376 308 2429 eacrrrplar,
328 2376 352 2417 ad
365 2376 417 2429 quod
433 2383 477 2416 tum
495 2376 604 2428 poenitens
623 2375 724 2421 eluctari,
743 2381 786 2413 tum
806 2374 950 2413 confessarius

141 2441 226 2480 eurtdem
238 2441 329 2480 evehere
342 2443 436 2488 studeat3
450 2449 541 2480 attamen
554 2441 616 2480 etiarn
629 2440 726 2480 contritio
738 2439 863 2490 imperfecta
875 2452 949 2491 pecca·

140 2510 206 2541 torem
219 2505 243 2542 ad
255 2504 296 2541 Dei
308 2505 399 2554 gratiam
410 2505 430 2542 in
444 2505 583 2542 Sacramento
595 2503 740 2542 Poenitentiae
751 2502 902 2554 impetrandam
921 2503 949 2541 di·

141 2564 215 2611 sponit‚
228 2565 336 2601 dnmmodo
348 2566 477 2601 voluntatem
489 2565 590 2613 peccandi
602 2564 704 2600 excludat.
719 2562 783 2610 Quam
795 2564 884 2612 primum
896 2564 949 2600 enirn

139 2622 236 2658 voluntas
251 2623 353 2671 peccandi
368 2624 495 2668 excluditur,
516 2635 573 2659 amor
587 2622 661 2670 aliquis
681 2629 779 2659 aeternae
794 2623 891 2669 justitiae
906 2623 950 2670 jam

140 2682 213 2728 adeat,
233 2689 253 2721 et
265 2683 358 2735 quamvis
370 2683 418 2721 talis
430 2685 539 2734 poenitens
552 2683 618 2720 adhue
629 2681 689 2719 valde
700 2682 796 2719 infirmus
808 2681 848 2726 sit,
867 2694 907 2720 non
919 2689 949 2719 ta-

140 2760 187 2788 men
201 2747 287 2798 amplius
298 2748 388 2788 uitiosus
407 2748 448 2789 dici
465 2754 545 2800 potest,
566 2753 586 2786 et
603 2744 690 2798 proinde
710 2745 734 2786 ad
751 2744 892 2797 recipiendam
910 2745 951 2787 Dei

140 2811 239 2863 gratiam,
253 2823 304 2860 quae
316 2824 341 2849 ex
354 2825 417 2861 opere
430 2818 515 2861 operato
528 2824 565 2860 per
582 2810 742 2849 Sacramentum
754 2810 870 2857 confertur,
883 2810 950 2861 dispo-

164 2945 180 2981 1]
189 2944 214 2974 ΙΙ.
224 2943 289 2974 urach.
297 2943 330 2974 IX.
340 2960 364 2965 —-
372 2942 388 2984 2)
399 2944 449 2975 Gen.
459 2942 538 2975 XXVII.
547 2961 571 2966 —
579 2944 595 2981 ὃ)
606 2943 661 2977 Sess.
671 2942 723 2974 XIV.
734 2950 775 2983 cap.
786 2943 803 2974 ’4.
