2056 3193
126 82 168 125 108

123 198 146 243 c]
159 198 308 236 necessitatem
327 196 466 235 emendandae
478 197 538 246 hujus
550 197 707 249 negligentiae,
724 202 795 247 utpote
815 209 853 248 qua
865 203 933 234 stante

122 257 204 296 frustra
216 259 239 297 fit
256 258 343 296 omnium
357 258 443 296 aliorum
459 266 592 309 peccatorum
612 257 729 303 confessio,
747 258 794 307 quia
808 271 870 296 unum
888 258 933 296 sine

122 320 189 358 altero
202 332 241 357 non
254 318 378 364 dimittitur,
391 320 487 370 quamdiu
499 321 558 358 adest
568 319 698 367 possibilitas
716 318 803 368 physica
815 326 836 356 et
848 320 933 357 moralis

123 380 192 418 omnia
204 379 321 417 confitendi.

194 440 224 478 Ad
236 437 257 478 2.
272 440 294 478 S.
306 442 434 479 Franciseus
442 442 545 479 Xaverius
554 453 683 491 magnopere
694 440 791 477 hortatus
804 447 838 478 est
850 441 932 478 confes-

122 501 196 545 sarios,
210 506 231 537 ut
242 501 263 538 in
272 501 438 539 confessionibus
451 501 557 540 audiendis
567 502 655 538 comiter
667 501 798 552 benigneque
807 502 932 539 confitentes

122 561 255 610 exciperent,
274 574 311 611 quo
330 562 469 610 spiritualium
484 562 611 615 medicorum
627 561 703 598 lenitas
723 574 759 598 eos
777 562 886 610 pelliceret
907 562 932 600 ad

122 621 191 658 omnia
209 622 351 659 conscientiae
362 623 450 660 vulnera
469 623 523 660 haud
541 628 665 660 cunctanter
682 622 801 670 aperienda.
820 623 892 671 Itaque
907 622 931 659 P.

121 682 218 730 Gasparo
230 682 350 718 Armuziam
358 682 413 719 ituro
421 682 460 719 hoe
473 688 607 731 praeceptum
619 682 684 719 dedit:
699 682 810 731 „Flagitiis
823 681 931 719 eliciendis

122 753 162 778 non
175 741 214 778 alia
226 742 259 778 via
272 742 401 789 expeditior,
419 754 479 791 quam
491 742 625 785 denuntiare,
643 754 681 778 nos
693 743 756 791 louge
775 741 870 778 foediora
882 753 931 791 gra-

122 801 222 851 vioraque
246 801 332 838 aliorum
356 802 483 852 cognovisse
506 802 610 846 facinora,
628 807 649 838 et
667 801 728 838 simul
752 801 788 838 illa
805 802 861 851 ipsa,
880 813 931 851 quae

121 861 192 899 timide
210 867 230 898 et
245 867 368 899 cunctanter
388 863 536 911 exposuerint,
553 862 607 912 aptis
620 868 734 900 extenuare
751 862 830 906 verbis,
846 868 868 900 ut
879 861 930 900 faei-

121 922 181 960 litate
197 923 331 961 confirmatus
349 924 415 972 pudor
428 924 524 962 fidentius
542 924 633 973 reliquas
650 923 730 972 aperiat
743 923 799 961 vitae
817 923 895 961 noxas²⁵
904 921 930 969 1),

122 985 145 1021 In
156 983 196 1021 boo
207 982 311 1021 homiuum
324 996 403 1035 genere
416 985 484 1022 cautio
497 984 653 1023 adhibendaest
659 985 692 1023 vel
700 984 802 1030 maxima,
814 996 840 1022 ne
851 984 930 1034 pudore

121 1045 214 1096 impediti
238 1046 371 1085 oommmissa
392 1048 475 1085 seelera
496 1047 571 1097 majori
592 1047 674 1085 scelere
695 1046 834 1098 supprimant,
852 1046 930 1085 salubri

122 1107 261 1147 confessionis
273 1108 365 1147 remedio
376 1109 397 1147 in
415 1109 529 1159 perniciem
546 1122 615 1147 verso.
638 1110 682 1147 Nou
695 1110 732 1147 abs
745 1122 768 1147 re
780 1121 860 1160 quoque
876 1108 929 1153 erit,

122 1170 140 1209 si
152 1170 217 1220 pudor
229 1170 276 1208 olim
290 1182 359 1209 coram
373 1177 415 1209 toto
427 1184 507 1223 genere
519 1172 606 1210 humano
623 1178 642 1208 et
655 1172 736 1222 angelis
748 1171 854 1209 universis
866 1171 929 1208 susti·

121 1232 199 1270 nendos
212 1238 259 1269 ante
272 1233 343 1270 oculos
355 1240 457 1282 ponatur,
475 1233 533 1284 sique
550 1233 616 1283 pudor
636 1245 706 1271 coram
722 1233 783 1270 unico
798 1232 880 1270 bomine
899 1238 929 1270 to-

65 1343 67 1346 .
121 1294 218 1331 lerandus
233 1294 268 1331 illo
285 1295 400 1332 universali
414 1295 492 1344 pudore
507 1295 565 1332 velut
583 1295 653 1332 clavus
674 1295 732 1332 clavo
757 1295 853 1343 pellatur.
874 1294 929 1332 „Pro

121 1355 188 1393 anima
199 1361 235 1392 tua
246 1367 271 1392 ne
280 1355 414 1393 confundaris
426 1356 497 1394 dicere
508 1369 595 1394 verum:
608 1362 640 1393 est
652 1355 705 1393 enim
718 1356 812 1394 confusio
825 1355 929 1393 adducens

120 1422 238 1465 peccatum:
252 1417 409 1454 etestconfusio
422 1416 525 1455 adducens
533 1417 623 1467 gloriam
636 1423 657 1454 et
668 1414 805 1468 g1·atiaru'⁷²).
814 1415 839 1454 Si
850 1415 929 1465 pudore

120 1477 188 1515 victus
200 1483 308 1526 peccatum
320 1483 376 1515 tuum
389 1478 499 1522 celaveris,
514 1477 563 1515 illud
576 1477 662 1526 arrrplius
675 1477 770 1527 augebis,
782 1477 801 1514 si
812 1483 880 1514 tamen
892 1489 928 1526 pu-

120 1538 171 1575 dore
182 1537 238 1576 victo
252 1537 302 1575 illud
321 1538 431 1576 confessus
450 1538 527 1583 fueris,
546 1539 641 1576 eximiam
656 1539 676 1575 in
693 1538 750 1576 coelo
769 1538 850 1589 gloriae
869 1549 928 1574 coro·

121 1611 168 1637 nam
176 1611 212 1648 pro
221 1597 259 1636 hac
271 1599 367 1644 victoria,
376 1611 435 1649 quani
444 1599 560 1637 confitendo
573 1601 652 1648 eulpam
661 1599 775 1643 obtinuisti,
784 1589 928 1648 consequeris.

193 1656 256 1698 Α113.
276 1662 299 1707 a]
319 1660 343 1698 Si
354 1660 466 1705 leviorem,
484 1673 543 1710 quam
561 1662 658 1709 putabat,
678 1660 826 1709 poenitentiam
844 1659 929 1708 imposi-

120 1727 188 1758 turum
208 1732 230 1757 se
247 1721 368 1769 p1·0mittat;
386 1722 410 1768 b]
432 1722 450 1759 si
468 1721 513 1770 ipse
526 1721 669 1759 confessarius
680 1721 789 1770 promittat
806 1732 829 1757 se
847 1727 927 1769 partem

120 1781 259 1830 poenitentiae
270 1781 290 1818 in
303 1794 326 1818 se
338 1788 495 1831 susceptor-unu
509 1784 531 1829 c]
544 1783 562 1819 si
573 1783 594 1819 in
606 1782 727 1820 memoriani
738 1781 768 1818 illi
782 1787 868 1819 revocet
879 1793 927 1830 poe·

119 1854 166 1879 nam
177 1854 214 1891 pro
226 1843 320 1891 peccatis
333 1843 451 1880 commissis
464 1849 498 1880 aut
510 1843 530 1880 in
543 1843 581 1880 hac
594 1843 659 1880 autin
673 1843 738 1880 altera
747 1842 790 1879 vita
801 1841 927 1879 subeundam

120 1915 174 1940 esse.

192 1964 223 2001 Ad
234 1961 255 2001 4.
269 1967 292 2010 a]
305 1964 328 2001 Si
341 1965 450 2008 ostendat,
463 1977 522 2013 quam
534 1976 600 2001 vanus
613 1965 641 2001 sit
654 1963 687 2000 hic
699 1963 771 2007 timor,
784 1974 829 2000 oum
843 1963 925 1999 confes·

120 2023 188 2061 sarius
201 2036 246 2061 eum
264 2024 333 2073 potius
345 2025 370 2062 ob
382 2037 508 2076 generosam
521 2025 554 2062 sui
565 2024 675 2062 victoriam
693 2030 713 2061 et
731 2023 880 2061 emendationis
892 2022 925 2060 de·

120 2085 219 2122 siderium
235 2086 307 2135 magni
321 2085 470 2123 aestimaturus
489 2086 527 2131 sitg
545 2086 569 2132 b]
586 2086 604 2122 si
622 2086 641 2123 ei
655 2085 675 2122 in
692 2083 813 2123 memoriam
828 2090 926 2128 revocet,

120 2158 178 2195 quam
190 2146 326 2184 honorificum
338 2147 402 2184 fuerit
414 2147 436 2185 S.
445 2147 516 2191 Petro,
529 2147 552 2185 S.
564 2147 639 2191 Paulo,
652 2146 675 2184 S.
683 2147 832 2197 Magdalenae,
850 2145 873 2183 S.
885 2147 926 2183 ‘Au-

120 2208 202 2258 gustino
228 2207 316 2258 aliisque
337 2207 437 2260 gravibus
451 2208 609 2259 peccatoribus,
628 2208 679 2258 quod
694 2213 742 2258 post
758 2207 829 2257 lapsus
848 2218 926 2258 graves

119 2275 161 2307 toto
174 2270 219 2307 orbi
233 2269 378 2308 manifestatos
397 2271 502 2322 insignem
513 2271 661 2321 poenitentiam
680 2269 773 2322 egerint3
793 2271 816 2316 o]
834 2268 853 2307 si
868 2268 887 2306 ei
905 2280 925 2306 o-

120 2331 207 2378 stendat,
221 2332 363 2371 confesssario
375 2332 424 2371 nihil
437 2334 485 2371 novi
497 2346 544 2371 esse
557 2334 576 2371 si
587 2332 688 2383 ejusmodi
698 2338 786 2383 peccata
798 2331 873 2377 audiat,
890 2344 925 2370 no·

119 2400 199 2445 tamque
217 2395 248 2433 illi
263 2395 315 2433 satis
337 2408 385 2433 esse
400 2395 509 2434 humanam
528 2396 673 2448 fragilitatem.
687 2395 709 2433 S.
728 2393 872 2446 Augustinus:
894 2394 925 2434 „0

119 2456 191 2501 bomo,
203 2457 249 2508 quid
261 2457 323 2495 times
336 2458 448 2496 confiteri?
459 2458 520 2503 illud,
538 2458 590 2509 quod
602 2470 639 2508 per
652 2457 805 2495 confessionem
818 2456 876 2501 seio,
889 2456 925 2494 mi-

119 2529 158 2556 nus
170 2519 224 2565 scio,
242 2531 301 2569 quam
317 2520 370 2569 quod
385 2520 463 2558 nescio.
478 2520 520 2558 Cur
533 2520 629 2558 confiteri
647 2519 756 2558 erubescis
767 2524 855 2567 peccata
873 2520 925 2555 tuat

117 2581 221 2618 Peccator
233 2594 277 2619 sum
290 2581 346 2620 sicut
357 2587 385 2618 to.
398 2581 464 2620 Homo
477 2594 533 2627 sum,
546 2575 629 2619 humani
641 2594 652 2619 a
663 2593 695 2619 me
706 2580 758 2617 nibil
770 2580 857 2617 alienum
868 2585 924 2629 puto.

118 2641 226 2680 Confitere
243 2641 303 2680 bomo
318 2642 406 2687 homini,
421 2643 481 2682 homo
497 2650 597 2694 peccator
615 2643 692 2681 homini
714 2642 827 2691 peccatori.
854 2641 924 2693 Elige,

118 2703 226 2755 quodvis,
244 2704 263 2740 si
274 2716 313 2742 non
326 2704 437 2743 confessus
449 2706 515 2751 lates,
536 2705 670 2743 inconfessus
686 2703 825 2741 damnaberis.
843 2702 873 2741 Ad
885 2702 925 2741 hoc

117 2767 176 2804 Deus
200 2764 268 2815 exigit
288 2766 451 2811 confessionem,
469 2772 491 2804 ut
506 2766 579 2803 liberet
597 2766 699 2802 hominem
714 2764 822 2808 humilem,
839 2764 863 2801 ad
884 2763 924 2802 hoc

144 2901 158 2938 ¹)
167 2900 188 2931 ln
196 2899 241 2932 Vita
251 2898 293 2939 ejus
302 2896 345 2930 libr.
354 2898 370 2930 ’1.
381 2906 397 2930 e.
406 2899 436 2931 25.
446 2915 470 2920 -
479 2899 495 2937 ²)
504 2897 565 2930 Eooli.
574 2897 607 2930 IV.
616 2897 645 2930 24.
