2017 3193
846 89 888 135 113

82 207 142 256 plane
162 207 214 244 urrini
238 207 373 245 mlmouitione
395 206 517 245 eximamur.
534 207 555 243 ld
574 206 729 256 prolribetiinis
742 206 888 250 Sarrarrrerrti,

83 269 130 319 quin
143 269 182 306 imo
202 268 319 318 prudentia,
337 283 360 307 nr
374 266 466 318 suspirio
479 268 567 312 oriatur,
586 282 621 305 eoa¹
634 270 707 320 quibus¹
721 267 827 307 monendis
847 268 888 306 diu-

82 332 124 370 tins
135 332 257 369 immoratur
272 332 422 378 eorrlessarius,
435 329 562 382 grauissima
574 330 648 368 delleta
660 333 775 383 aperuisse.
790 331 888 370 Ceterum

82 395 102 432 in
115 394 282 432 extramulinario
295 396 441 445 poenitentiarii
455 404 559 430 eorrrursu
572 398 592 428 et
604 394 743 441 multitudiue,
756 395 837 446 quando
850 395 888 432 duo

83 456 133 494 liaeo
147 457 283 503 rauranum,
297 458 395 508 tenqroris
408 454 506 506 augustia
519 466 544 490 eu
556 459 615 502 parte
628 455 761 502 confessarii,
775 465 794 495 et
807 459 826 495 in
840 469 888 506 poe-

82 519 160 555 nitente
174 531 252 556 surnma
265 521 396 563 ueeessitas,
415 523 435 553 ut
448 516 591 565 interrogetur
604 516 628 551 ad
641 520 791 564 procurandam
805 518 888 557 confes-

83 580 147 616 sionis
167 580 319 630 integritntem‚
338 579 410 628 roqia,
428 576 542 625 inquinata¹
561 587 631 612 eorum
653 576 724 624 quibus
745 579 887 616 rorrlessarius

83 641 236 684 circumdatur,
254 654 292 677 non
305 642 365 678 debet
378 639 486 674 immutare
500 637 591 672 ordinem
606 635 687 683 judieii.
706 636 794 684 Oportet
806 640 886 676 confes-

83 700 160 736 sarium
173 701 248 736 babere
262 713 298 736 ror
311 700 377 734 simile
390 709 465 733 arenae
479 696 556 738 maris,
574 696 637 730 veluti
649 697 688 731 sibi
708 703 817 744 optaverat
828 699 887 734 Salu-

83 771 142 803 mon,
161 773 211 809 quae
227 773 264 796 nter}
277 758 349 805 majori
363 771 399 793 nee
413 757 486 792 minori
499 756 602 792 alluvione
616 767 703 804 unquam
723 763 824 793 moretur.
838 756 888 803 Quid

83 820 146 857 refert
161 822 235 858 multos
248 832 295 857 esse
313 819 450 867 poenitentes,
469 817 501 866 qui
520 819 657 865 exspectant?
673 817 749 854 Melius
766 824 798 855 est
813 830 889 856 narrare

83 893 159 931 palleos
172 894 231 933 quam
248 880 369 919 medicinam
385 879 490 930 apquirare
503 877 573 916 multis
586 877 640 916 nullo
654 886 793 930 consequente
813 879 888 919 fructu.

82 944 161 984 Verum
181 958 226 983 oum
240 944 306 996 possit.
322 943 458 995 rontingere,
477 948 498 979 ut
511 941 570 979 turba
583 941 722 981 oorrlitentium
736 944 755 981 in
769 944 889 995 quibusdam

84 1009 188 1059 angustiis
201 1020 224 1045 ea
237 1020 276 1045 non
290 1007 390 1044 rouredat
401 1005 429 1042 nti
443 1005 541 1053 tenqroris
554 1017 619 1048 mora,
632 1017 683 1055 ‹qtrae
696 1006 747 1044 alias
760 1007 889 1058 exigeretur,

82 1071 193 1107 notandum
215 1076 260 1113 est,
279 1081 324 1105 num
344 1067 461 1105 neressitas
478 1066 632 1103 Communionis
652 1068 763 1105 sumendae
784 1069 890 1106 incumbat

83 1130 206 1180 poenitenti,
225 1142 311 1166 aurern
325 1129 391 1178 possit
403 1127 497 1172 dill'erri;
510 1127 527 1163 si
540 1127 709 1178 prorogationem
723 1129 829 1174 admittat,
842 1142 889 1167 sua·

83 1192 138 1229 riter
149 1191 188 1240 ipsi
201 1197 323 1240 exponatur,
335 1191 381 1239 plus
394 1188 493 1238 temporis
506 1188 563 1239 exigi
576 1189 599 1225 ab
613 1188 650 1226 bne
663 1190 755 1240 negotio,
770 1191 822 1240 qnod
835 1204 890 1228 etim-

84 1253 163 1290 modius
176 1259 195 1288 et
209 1253 280 1300 majori
294 1251 434 1288 rousoiontiae
446 1250 560 1287 securitate
573 1250 624 1287 talias
637 1251 791 1299 ronliripossit.
803 1252 890 1289 Nomina

85 1314 145 1356 (lirin,
159 1326 196 1362 qno
209 1314 288 1355 redeat,
302 1313 319 1348 si
333 1319 366 1348 tua
375 1312 402 1347 nti
413 1311 461 1347 relit
470 1323 539 1358 opera.
553 1309 631 1357 Quodsi
642 1311 662 1347 in
671 1312 725 1348 aliud
738 1319 818 1359 tempus
830 1313 891 1359 rejici

85 1380 173 1420 nequeat
191 1374 235 1408 siue
255 1372 352 1408 soaudalo
365 1377 384 1407 et
397 1370 544 1413 admiratione,
563 1371 624 1420 exige
636 1378 722 1418 peecata
737 1373 838 1421 gri-ariana
852 1385 890 1419 pro

86 1433 185 1480 temporis
201 1432 313 1475 brevitate,
332 1437 352 1467 el
370 1430 386 1465 ai
403 1430 478 1478 dignus
491 1435 535 1472 est,
554 1429 591 1465 liar
610 1430 658 1479 lege
681 1432 776 1475 absolue,
794 1438 816 1467 ut
830 1433 890 1479 paulo

86 1498 132 1540 post
142 1491 162 1528 iu
175 1491 268 1541 proxima
282 1490 413 1528 rnulessione
428 1489 489 1532 ilirat,
502 1501 553 1539 quae
566 1490 623 1526 modo
637 1492 710 1539 exponi
722 1492 864 1541 nequiverant.

158 1550 184 1600 2)
203 1553 328 1590 nuessana
347 1550 458 1602 ‹rnrrquter'a
474 1551 525 1599 apud
544 1553 609 1588 solnm
628 1552 778 1591 einrfessarinm
797 1554 892 1604 infrunita

86 1628 124 1653 nan
138 1622 224 1654 excusat
236 1617 260 1654 ab
272 1615 395 1667 integritate
408 1613 554 1652 oorrl'easionis.
570 1615 607 1655 elai
619 1616 727 1665 poenitens
739 1616 831 1668 speeiem
844 1631 891 1668 pee-

86 1680 127 1717 eati
139 1680 255 1730 exprimere
274 1692 312 1717 non
326 1678 391 1728 possit
403 1678 442 1715 nisi
456 1677 589 1727 exprimendo
602 1691 720 1728 personam,
733 1693 778 1719 enm
791 1693 830 1731 qua
845 1694 892 1730 per-

87 1742 151 1786 eutit.
168 1749 224 1791 nuta,
240 1742 259 1779 si
275 1754 320 1779 rum
336 1754 409 1777 sorore
425 1740 545 1785 roneubnit,
563 1753 650 1778 neeesse
663 1749 707 1786 est,
725 1749 745 1779 ut
759 1743 892 1792 exprimendo

87 1803 177 1852 speeiem
190 1804 280 1852 pernati,
294 1802 393 1851 exprimat
404 1814 513 1850 personam
521 1816 526 1845 ;
539 1802 575 1838 sed
583 1802 600 1838 si
609 1802 655 1839 lieri
668 1810 745 1853 potest,
758 1805 818 1841 debet
831 1817 892 1854 qnae-

86 1876 134 1901 rere
147 1865 207 1901 talem
220 1865 376 1907 animosam-ern,
393 1863 425 1912 qui
439 1875 547 1911 personam
563 1864 644 1900 sororis
663 1866 744 1913 penitus
757 1878 795 1901 non
815 1878 893 1916 rogno-

87 1925 144 1962 san'
155 1924 178 1971 ¹).
191 1926 250 1962 Ratio
264 1932 303 1968 eat,
315 1925 361 1973 qnia
373 1924 466 1972 quamvis
479 1929 551 1960 rontra
560 1924 681 1961 eltaritatem
695 1933 774 1974 nequet,
787 1927 820 1975 qni
833 1926 894 1963 alteri

88 1992 146 2022 rreat
157 1986 276 2028 infamiam,
294 1991 328 2022 aut
340 1984 430 2021 detrahit
440 1984 494 2031 insi,
512 1984 566 2019 nulla
581 1990 648 2021 tamen
661 1976 689 2022 ibi
700 1987 744 2022 reri
759 1987 846 2023 nominis
859 1987 893 2023 de·

88 2046 169 2087 tractio,
182 2046 215 2081 ubl
228 2044 421 2092 orrurritlegitima
435 2044 539 2079 revelandi
553 2043 646 2080 oriminis
659 2047 734 2081 orrulti
748 2059 818 2082 rausa.
831 2047 893 2082 Num-

88 2105 133 2152 quid
152 2104 231 2139 sriliret
248 2105 357 2149 detrartor
374 2109 415 2146 est,
434 2103 466 2150 qui
480 2102 580 2138 nefarium
600 2103 700 2140 lmminern
718 2107 797 2152 patriae
810 2106 894 2141 exitium

89 2164 203 2200 molientem
217 2142 462 2213 magistratuid‘rerelat⁴?
471 2158 581 2212 lilunrquid
599 2163 704 2201 detrartor
718 2171 750 2202 est
762 2166 848 2208 auriens,
861 2165 895 2216 qui

88 2226 183 2261 admouet
195 2225 292 2268 amioum,
312 2231 330 2260 ut
345 2229 418 2259 eareat
430 2223 454 2259 ab
468 2223 548 2260 immine
561 2224 599 2259 sibi
619 2225 703 2263 insidiae¹
718 2230 820 2277 parante?
832 2229 894 2265 {lurn-

88 2288 134 2339 quld
147 2289 252 2327 [lutrarum-
265 2294 294 2326 est
310 2298 369 2332 reus,
382 2285 414 2336 qui
423 2285 529 2333 jmlioilms
549 2287 642 2326 oriminis
655 2289 686 2327 sui
700 2303 748 2328 reos
762 2290 894 2335 ruanilestat,

89 2352 167 2402 quando
187 2352 204 2390 id
221 2351 285 2403 exigit
305 2352 377 2389 bmuun
391 2349 510 2399 publicum?
524 2349 601 2396 Quodsi
614 2350 679 2402 igitur
691 2353 765 2390 dantur
785 2366 857 2397 rasus,
876 2354 894 2390 in

89 2414 161 2464 quibus
175 2421 216 2452 tuta
229 2413 357 2451 rrorrsoientia
370 2411 456 2449 atterius
469 2410 547 2447 rrimen
558 2411 659 2463 detegere
672 2415 717 2462 qun
730 2422 808 2464 potest,
822 2415 895 2466 quodsi

89 2483 148 2524 prout
161 2489 231 2514 ornnes
244 2476 366 2519 ‹arrreedunt
379 2472 458 2509 rorrsilii
467 2473 500 2509 rel
513 2473 599 2510 subsidii
613 2487 675 2513 eausa
687 2484 795 2525 narratum
809 2477 896 2515 alterius

88 2537 128 2574 lida
144 2538 209 2575 aurien
223 2538 305 2587 aperire
318 2537 373 2579 lieet³
387 2541 461 2584 quanto
477 2535 544 2584 magis
556 2535 576 2572 in
589 2537 720 2575 ronlessione
740 2538 896 2582 sarramentali‚

90 2597 135 2642 ubi,
153 2599 248 2648 quidquid
257 2598 322 2645 jmliei
336 2596 458 2638 immtesrb,
476 2595 587 2632 inviolabili
608 2598 677 2648 sigillo
691 2601 816 2637 obseratur?
840 2599 896 2636 [liri-

90 2669 133 2693 mus
146 2666 224 2702 autern,
243 2660 321 2707 quaudo
338 2658 398 2694 aliter
411 2662 467 2691 stare
484 2667 522 2690 nnn
536 2663 604 2703 potest
617 2660 756 2696 eorrlessiouis
776 2660 896 2709 integritas,

89 2721 110 2750 et
120 2724 183 2765 urget
196 2719 260 2766 ipsius
277 2724 416 2766 quaerentum.
431 2715 454 2751 Si
466 2715 520 2750 euim
532 2716 612 2752 dili'erri
625 2719 702 2766 possit,
721 2726 754 2755 aut
774 2721 833 2756 detur
846 2720 896 2754 alte-

88 2773 133 2808 rius
148 2778 265 2814 sarerdotis
278 2778 348 2825 etqua,
367 2775 400 2813 rui
418 2774 500 2809 minime
520 2781 567 2810 nota
579 2775 607 2811 sit
619 2790 708 2824 persona
728 2779 821 2815 oriminis
833 2777 888 2826 parti

116 2906 128 2949 t)
140 2906 159 2937 S,
171 2907 237 2941 Tuom.
248 2909 320 2953 opusc.
333 2911 360 2944 12.
371 2920 389 2954 q·
397 2908 415 2939 (ir
