2056 3193
159 69 203 150 1'24

159 223 291 260 reticentiam
303 223 367 258 solam
382 221 416 257 irin
429 233 517 271 unquam
530 223 630 274 denegari
642 234 705 270 posse
717 225 850 262 arbitramur.
869 224 963 273 Denique

159 284 233 320 notitia
245 283 269 319 de
281 281 407 329 poenitentis
419 289 506 331 peccato
519 284 617 321 etiamen
636 282 724 319 aliorum
737 286 869 322 confessione
880 283 963 328 hausta,

160 355 223 379 causa
235 353 282 377 esse
294 347 363 387 potest
374 342 514 389 poenitentem
526 342 677 391 interrogandi.
691 342 770 380 Verum
783 344 816 381 hic
825 356 904 381 smnma
915 356 963 391 pru·

160 400 227 437 dentia
235 411 285 446 opus
294 405 333 442 est,
346 406 369 436 nt
379 401 445 438 variis
454 408 534 453 remote
545 401 628 448 injectis
640 400 843 451 interrogationibus
856 409 963 453 peccatum

159 460 262 504 eliciatur,
275 459 322 510 quin
334 461 407 499 violati
418 462 484 514 sigilli
497 463 587 513 suspicio
599 462 726 500 incurratur.
741 463 795 500 Vide
808 463 825 518 ᾖ
838 462 874 504 62,
888 478 930 504 cas.
943 461 963 503 6.

232 525 254 573 e]
273 525 369 577 Denique
385 539 456 565 ausam
471 526 617 579 interrogandi
635 526 775 578 poenitentem
797 529 884 578 praebet
903 529 964 569 etiam

158 587 220 625 timor
232 588 330 626 fundatus
342 589 362 625 in
375 589 460 640 cognita
471 589 539 627 indole
551 590 676 640 poenitentis
691 597 726 628 aut
738 591 888 629 consuetudine
900 592 964 630 homi·

158 661 206 687 num
219 649 263 696 eius
282 650 415 696 conditionis,
433 651 571 690 determinata
588 651 687 702 quaedam
705 658 801 701 peccata,
816 652 867 690 licet
878 655 965 705 gravia,

159 710 248 750 tacendi.
460 725 461 728 ¹

422 829 455 881 De
469 830 544 898 specie
557 834 708 897 peecatorum.

234 952 251 1004 ξ,
265 950 300 990 87.
313 952 415 989 Doctrina
428 952 530 989 ecclesiae
544 953 659 997 catholicae
672 960 717 998 est,
735 960 756 990 nt
767 953 875 1003 poenitens
894 966 932 990 non
946 954 966 990 in

162 1026 240 1066 genere
259 1019 351 1058 tantum,
370 1012 406 1050 sed
422 1012 487 1062 quoad
503 1013 594 1062 speciem
613 1014 702 1053 infimam
715 1021 801 1065 peccata
813 1027 851 1051 sua
865 1015 965 1053 declaret.

160 1076 214 1116 Vide
227 1074 245 1131 ξ.
258 1071 294 1116 dt.
308 1073 352 1126 Qua
363 1075 383 1114 iu
396 1089 419 1114 re
432 1075 575 1116 confessarius
587 1078 723 1131 interrogare
735 1072 827 1117 tenetur.
845 1077 884 1128 Qui
897 1078 966 1130 itaque

161 1155 179 1179 v.
193 1155 213 1192 g.
226 1146 300 1179 contra
313 1140 431 1179 castitatem
446 1141 550 1189 peccavit,
569 1148 590 1179 et
607 1142 755 1191 turpitudinem
773 1155 831 1180 suam
850 1142 966 1193 generatim

160 1209 239 1240 tantum
258 1202 348 1246 fatetur,
365 1208 388 1239 ut
399 1202 498 1251 specifice
511 1209 601 1252 exponat
612 1203 726 1253 adigendus
740 1210 785 1247 est,
801 1203 966 1254 interrogando,

162 1265 220 1314 quale
232 1269 341 1312 peccatum
350 1264 492 1301 commiserit?
504 1269 574 1301 utrum
582 1277 628 1302 cum
635 1264 726 1301 foemina
738 1271 758 1301 et
770 1264 842 1313 quali?
854 1264 921 1301 libera
932 1271 967 1301 aut

161 1327 266 1362 uxorata?
279 1324 336 1361 affini
348 1330 383 1361 aut
395 1325 564 1374 consanguinea?
578 1337 603 1361 an
615 1337 661 1362 cum
673 1325 713 1362 alio
725 1325 834 1374 quopiam?
849 1323 889 1371 Qui
899 1325 966 1361 Deum

161 1398 184 1422 se
202 1385 314 1422 offendisse
333 1385 374 1429 ait,
393 1385 540 1422 examinandus
559 1392 600 1430 est,
621 1385 739 1434 quomodo?
760 1385 798 1432 Qui
814 1384 966 1421 confessionem

162 1445 281 1493 specificam
294 1445 394 1494 generice
407 1446 494 1481 termino
506 1445 564 1490 finit:
580 1447 608 1482 m
619 1446 704 1493 insuper
716 1457 814 1494 magnum
825 1444 907 1492 patravi
918 1456 966 1492 pec·

162 1505 250 1542 catuni.’'
264 1503 343 1551 Quale?

234 1565 278 1602 lton
291 1577 341 1603 raro
354 1564 468 1616 contingit,
486 1572 508 1602 nt
521 1565 628 1614 poenitens
641 1565 723 1602 nonnisi
738 1565 855 1617 generatim
878 1577 901 1602 se
918 1577 966 1614 pec·

162 1634 255 1668 catorem
267 1627 402 1675 confiteatur,
414 1628 447 1667 rel
458 1627 505 1667 fieri
517 1634 596 1678 potest,
608 1635 631 1667 ut
645 1635 756 1682 aegrotus,
770 1628 908 1668 sacramentis
919 1641 966 1679 pro-

162 1692 261 1730 videndus
274 1692 329 1730 dieta
341 1693 410 1742 oirlpa:
424 1691 540 1737 Confiteor,
558 1692 632 1738 sileat:
644 1698 693 1730 tuuc
705 1692 835 1737 edocendus,
847 1698 870 1730 ut
880 1697 967 1741 peccata

162 1767 200 1792 sua
218 1754 323 1799 declaret,
341 1766 430 1792 necnon
444 1753 572 1802 adjuvandus
583 1754 785 1805 interrogationibus
799 1754 912 1802 prudenter
924 1759 967 1790 tum

163 1815 236 1859 statui,
250 1821 292 1852 tum
305 1815 417 1852 conditioni
430 1821 450 1851 et
462 1814 525 1851 aetati
537 1815 603 1863 ipsius
616 1814 785 1852 accommodatis.
805 1813 856 1860 Quid
868 1826 929 1857 vero,
950 1813 968 1849 si

163 1875 294 1912 nihilominus
313 1876 353 1912 alte
368 1875 431 1912 silet?
447 1877 506 1913 Tunc
524 1874 741 1919 airimadvertendum,
760 1887 807 1911 num
825 1885 864 1910 non
877 1875 901 1920 a]
920 1886 967 1921 apo-

161 1936 229 1985 plexia
247 1936 355 1984 repentina
373 1942 442 1972 tactus
460 1935 555 1984 loquelae
567 1947 627 1971 usum
637 1934 765 1983 perdiderit,
783 1934 854 1982 quoin
872 1945 922 1970 casu
935 1945 967 1969 so·

161 1996 264 2033 lummodo
277 1996 344 2045 signis
357 1995 489 2032 contritionis
501 2006 549 2032 sese
562 1995 705 2031 confessarius
722 2000 838 2037 contentet3
854 1994 887 2029 vel
904 1990 929 2040 β]
943 2005 967 2028 an

162 2069 202 2093 nou
215 2056 254 2093 alia
266 2056 333 2093 subsit
349 2068 422 2101 cansa,
440 2067 529 2096 eurnon
548 2055 686 2101 confiteatur,
704 2061 739 2092 aut
757 2056 809 2105 quod
822 2054 925 2091 detrectet
944 2065 969 2090 ex

162 2119 216 2157 mala
226 2118 346 2164 voluntate,
360 2123 395 2156 ant
406 2117 498 2168 pudore,
518 2123 553 2155 aut
564 2123 620 2156 metu
631 2117 761 2164 retineatur,
780 2116 853 2168 quibus
866 2115 969 2155 stantibus

162 2181 264 2235 agendum
277 2188 310 2220 est
321 2181 434 2220 secundum
447 2195 483 2227 ea,
501 2193 552 2233 quae
565 2181 620 2220 dicta
632 2188 680 2220 sunt
692 2179 710 2234 ξ.
723 2177 759 2220 b'l.
772 2187 793 2219 et
805 2176 851 2227 723
864 2181 897 2218 vel
908 2181 930 2230 p]
944 2192 969 2217 an

162 2258 200 2283 non
213 2245 257 2283 fors
275 2244 405 2283 acatholicus
418 2244 459 2289 sit,
477 2245 511 2293 qui
526 2243 635 2282 catholicis
648 2244 673 2281 ad
685 2243 776 2293 speciem
788 2242 922 2281 adnumerari
934 2254 968 2279 cu-

161 2307 191 2355 pit
202 2308 221 2343 in
237 2306 337 2343 extremis
355 2306 411 2342 vitae
424 2318 484 2350 suae,
503 2305 549 2354 quin
562 2311 631 2342 tamen
643 2305 691 2342 fidei
701 2305 854 2353 professionem
874 2303 969 2340 emittere

162 2367 217 2403 velit.
230 2366 302 2404 Hicin
315 2366 409 2416 aegrotis
429 2366 541 2402 obveniens
555 2377 617 2402 casus
630 2371 663 2402 est
674 2365 754 2414 quidem
767 2376 839 2408 rarus,
852 2364 889 2400 sed
901 2368 968 2399 tamen

163 2427 277 2463 nonnullus.

234 2486 305 2535 Neque
318 2485 439 2523 tolerandus
447 2492 479 2522 est
491 2486 568 2522 abusus
577 2485 667 2530 illorum,
681 2485 714 2534 qui
724 2484 765 2521 nisi
777 2496 789 2521 a
801 2482 931 2522 confessario
938 2483 968 2519 in-

163 2552 306 2596 terrogentur,
317 2547 396 2584 millum
408 2558 495 2595 unquam
503 2546 719 2594 fatenturpeccatum,
732 2546 768 2583 sed
781 2556 864 2593 semper
873 2542 969 2594 adigendi

163 2609 354 2659 suntpoenitentes,
367 2614 389 2647 ut
397 2621 435 2647 sua
443 2615 516 2660 sponte
528 2615 615 2660 peecata
623 2615 733 2659 exponant.
746 2607 885 2659 Excipiuutur
892 2613 968 2654 tamen,

163 2672 197 2723 qni
213 2678 285 2721 petunt
302 2672 416 2712 examinari
431 2685 468 2722 per
482 2672 625 2724 interrogata,
647 2678 718 2722 utpote
735 2673 769 2723 qui
780 2682 852 2722 parum
871 2670 969 2709 instructi

163 2734 313 2774 conscientiam
331 2748 390 2773 suam
406 2735 537 2773 sufficienter
555 2734 649 2773 scrutari
664 2741 684 2771 et
701 2741 801 2772 excutere
816 2745 856 2770 non
873 2739 967 2782 possunt.

160 2798 277 2846 Perperam
289 2802 356 2833 autem
368 2803 433 2846 agunt
446 2796 584 2840 confessarii,
602 2796 635 2844 qui
647 2796 710 2832 rudes
723 2796 840 2839 dimittunt,
859 2801 881 2831 ut
894 2795 969 2832 melius

161 2870 184 2894 se
200 2856 319 2894 exarninent
326 2870 331 2899 ;
344 2868 389 2892 nam
401 2856 517 2903 hujusmodi
529 2856 636 2899 homiues,
649 2862 746 2904 quantum
759 2856 867 2899 laborent,
881 2854 968 2892 difficul-

162 2923 194 2953 ter
209 2929 232 2953 se
250 2914 407 2959 examinabunt,
425 2923 447 2952 ut
461 2928 498 2964 par
515 2923 560 2959 est,
578 2922 599 2953 et
615 2916 644 2952 ita
657 2922 743 2960 exacte,
766 2915 820 2952 siout
835 2921 904 2963 potest
923 2915 968 2963 ipse
