2056 3193
142 118 186 161 206

139 234 282 272 incommodae
298 233 465 282 extorquendam.
481 234 519 271 Ubi
535 246 586 271 vero
598 234 655 284 prior
674 235 817 275 confessarius
836 236 916 275 modum
929 243 950 274 et

141 297 266 346 aequitatem
278 306 317 331 non
330 294 433 340 servavit,
445 295 478 332 vel
491 295 509 333 si
521 308 560 346 que
572 295 718 346 supervenerit
730 308 803 343 causa,
816 311 867 349 quae
879 299 949 349 poeni·

141 358 226 394 tentiam
238 356 303 405 primo
319 355 433 404 injunctam
445 356 521 395 iecerit
537 357 697 406 impossibilem,
715 363 750 394 aut
767 360 856 397 maxime
875 360 948 398 diffici-

141 419 190 461 lem,
201 417 234 453 vel
246 416 401 465 periculosam,
418 424 467 456 tunc
476 419 535 467 justa
548 418 714 456 commutationis
726 418 780 455 ratio
794 419 867 458 aderit.
885 422 909 469 b]
922 420 949 459 1η

139 482 185 529 ipso
199 477 306 516 tribunali
315 481 477 530 poenitentiam
496 486 528 518 est
539 479 592 516 enim
604 478 720 527 hujusmodi
739 481 871 518 commutatio
890 489 948 521 actus

135 540 290 588 jurisdictionis
304 540 398 578 clavium.
412 543 435 588 c]
447 541 535 579 ,eliditis
544 543 658 591 praevalia,
672 541 697 578 oli
712 553 763 591 quae
777 541 893 580 satisfactio
911 544 949 582 im-

139 602 207 650 posita
231 601 300 639 fuerat
318 614 329 638 a
345 601 411 650 priori
428 601 571 646 confessario,
590 601 636 651 quia
649 602 714 650 judex
728 604 799 653 nequit
809 603 906 652 judicare
917 604 948 641 in·

140 664 225 714 cognita
238 675 306 701 causa.
321 662 436 700 Prudentia
446 670 466 700 et
478 662 577 701 discretio
592 675 723 713 summopere
738 665 837 710 suadent,
854 672 877 702 ut
895 666 949 703 alter

140 724 283 762 confessarius
295 724 325 761 ita
336 724 445 773 procedat,
460 731 481 761 ut
492 724 569 775 prioris
583 725 709 762 confessarii
724 726 840 764 auctoritas
856 738 896 764 non
911 727 947 764 im-

140 786 254 830 minuatur,
272 792 303 830 et,
321 785 340 822 si
351 785 395 822 fors
408 780 526 831 erraverit,
544 798 626 836 semper
638 793 757 834 encusetur.

213 847 351 884 Commutatio
372 852 439 884 autem
457 847 598 897 poenitentiae
616 860 627 884 a
645 848 735 898 simplici
753 849 883 887 confessario
901 849 949 887 fieri

139 909 220 958 nequit,
238 909 257 945 si
268 908 319 946 haec
332 920 343 945 a
356 908 467 957 Superiori
477 909 575 959 imposita
587 909 651 947 fuerit
662 922 699 959 per
712 910 765 947 viam
780 911 947 948 commutationis

143 971 172 1008 rel
185 969 348 1020 dispensationis
360 970 410 1006 voti.
424 969 460 1008 Sic
472 983 491 1007 v.
504 984 525 1022 g,
538 968 604 1008 Jalta
616 983 679 1021 super
690 971 820 1022 virginitatis
834 978 947 1021 perpetuae

140 1039 161 1069 et
174 1032 271 1083 integrae
288 1037 336 1068 voto
349 1031 439 1081 simplici
451 1032 627 1082 dispensationem
643 1032 742 1077 obtinuit,
761 1033 818 1083 eique
836 1045 882 1071 cum
899 1045 946 1071 con-

139 1093 196 1131 fessa
214 1099 283 1138 esset,
300 1093 441 1142 poenitentiae
459 1094 505 1132 loco
521 1093 542 1130 in
556 1092 637 1131 Brevis
649 1095 818 1140 exsecutionem,
833 1094 947 1143 injunctum

140 1161 185 1199 est,
202 1161 225 1192 ut
238 1154 342 1204 quotidie,
355 1154 420 1204 quoad
431 1154 523 1200 viveret,
535 1154 658 1193 Basca-amn
669 1156 807 1205 persolveret.
826 1155 885 1194 Haec
897 1169 947 1194 sane

139 1216 193 1254 lraud
205 1217 293 1265 simplex
311 1215 438 1265 poenitentia
451 1223 496 1261 est,
514 1216 551 1253 sed
566 1217 611 1254 voti
623 1217 771 1262 commutatio,
789 1229 848 1267 qnam
864 1218 946 1255 confes-

140 1278 209 1315 sarius
222 1277 285 1315 edidit
296 1277 318 1314 vi
328 1277 454 1326 potestatis,
472 1290 531 1327 quam
543 1284 565 1315 ut
576 1278 646 1328 Papae
658 1278 767 1330 delegatus
780 1279 817 1327 [ad
830 1291 888 1329 quem
904 1279 946 1317 dis-

139 1339 233 1389 pensatio
245 1351 308 1388 super
319 1345 367 1376 voto
380 1339 469 1388 simplici
480 1346 592 1389 perpetuae
603 1340 734 1391 virginitatis
745 1340 871 1390 pertinent),
885 1353 947 1378 exer·

140 1401 194 1446 cuit,
206 1401 275 1450 itaque
288 1398 354 1438 Jalaa
365 1400 389 1438 ab
401 1399 440 1438 hac
452 1401 590 1450 poenitentia,
603 1401 686 1439 scilicet
698 1414 710 1439 a
721 1401 835 1439 substituto
849 1402 947 1447 Rosario,

139 1462 222 1500 nonnisi
239 1474 276 1511 per
291 1461 433 1510 Apostolicam
452 1461 541 1508 Sedem,
559 1463 592 1499 vel
611 1462 673 1500 etiam
692 1475 730 1512 per
747 1463 874 1512 Episcopum
895 1462 947 1500 solvi

139 1530 215 1573 potest.
230 1545 260 1549 —
273 1523 358 1560 Pariter
372 1523 467 1561 illicitum
480 1535 527 1561 esse
545 1524 642 1569 videtur,
659 1530 681 1561 ut
699 1524 788 1573 simplex
803 1524 947 1562 confessarius

139 1591 205 1622 mutet
216 1584 364 1634 poenitentiam
376 1596 414 1633 pro
426 1584 520 1634 peccatis
532 1585 650 1622 reservatis
664 1585 784 1633 injunctam.

222 1704 319 1773 Tempus
334 1703 479 1773 peragendae
493 1702 662 1757 satisfactionis
677 1704 861 1765 sacramentalis,

214 1828 232 1881 ξ.
247 1826 295 1867 147.
314 1829 416 1879 Spectata
427 1835 502 1866 natura
514 1835 535 1866 et
546 1829 678 1867 institutione
691 1830 826 1868 Sacramenti
836 1830 947 1867 Poeniten-

139 1892 181 1929 tiae
193 1891 279 1940 perinde
291 1897 333 1936 est,
351 1897 420 1928 utrum
433 1891 583 1928 absolutionem
596 1892 717 1936 antecedat,
735 1904 760 1929 an
772 1898 873 1941 sequatur
885 1891 947 1929 satis·

139 1953 210 1991 factio.
227 1953 309 1989 Nullum
321 1952 341 1988 in
353 1951 391 1990 hac
403 1964 427 1988 re
440 1958 523 1989 constat
534 1959 670 2001 praeceptum
682 1952 769 1989 Christi.
781 1955 810 1990 Et
817 1952 861 2000 jam
874 1952 948 1990 dudum

140 2015 161 2051 in
175 2014 283 2059 Ecclesia,
301 2020 343 2050 tum
365 2025 445 2064 graeca
459 2019 501 2050 tum
515 2013 590 2058 latina,
607 2012 659 2053 haec
678 2013 788 2062 disciplina
806 2014 902 2058 invaluit,
925 2020 948 2051 ut

141 2075 288 2125 peccatoribus
307 2074 405 2113 contritis
421 2080 442 2111 et
457 2074 561 2111 confessis
581 2074 717 2112 absolutionis
731 2074 854 2112 heneficium
872 2075 948 2124 imper-

141 2137 227 2181 tiretur,
245 2143 354 2185 antequam
367 2135 534 2173 satisfactionem
547 2136 676 2187 peregerint.
693 2138 791 2173 Fatemur
804 2136 895 2186 quidem,
914 2148 948 2173 an·

141 2198 227 2248 tiquitus
246 2197 396 2235 absolutionem
408 2197 456 2248 lege
469 2197 571 2234 communi
583 2197 651 2234 datam
663 2209 703 2234 non
715 2197 790 2242 fuisse,
808 2197 848 2234 nisi
867 2198 948 2246 expleta

141 2259 279 2308 poenitentia;
298 2256 420 2308 quamquam
438 2271 478 2295 non
493 2258 571 2303 desint,
589 2258 622 2308 qui
641 2258 770 2297 contrarium
789 2258 907 2303 affirment,
929 2264 949 2294 et

141 2320 344 2364 reconciliationem,
362 2332 414 2369 quae
429 2326 477 2368 post
489 2320 608 2357 exantlatos
627 2320 711 2357 labores
726 2320 802 2363 fiebat,
820 2331 877 2356 mere
890 2330 948 2356 cere-

142 2382 249 2419 monialem
266 2381 332 2418 fnisse
348 2381 480 2418 contendant.
495 2380 632 2418 Nihilominus
652 2386 734 2425 tamen,
752 2380 799 2417 dum
813 2380 912 2418 Ecclesia
928 2379 948 2417 in

142 2441 180 2480 hac
191 2449 250 2492 parte
263 2455 274 2479 a
285 2448 380 2479 veterum
393 2454 493 2480 canonum
504 2442 607 2479 institutis
619 2442 720 2486 recessit,
738 2441 757 2478 id
766 2440 815 2488 jure
827 2440 885 2486 fecit,
902 2441 949 2491 quia

142 2515 186 2547 res,
199 2504 222 2541 de
235 2516 274 2553 qua
285 2504 363 2554 agitur,
376 2503 400 2541 ad
412 2503 542 2552 disciplinam
553 2502 654 2552 pertinet,
666 2509 687 2540 et
695 2515 720 2539 ex
732 2514 810 2553 genere
825 2514 897 2540 eorum
909 2508 948 2547 est,

142 2564 166 2602 de
179 2565 250 2613 quibus
262 2564 408 2602 Tridentinum
420 2564 461 2601 ait:
480 2563 554 2603 „Hanc
565 2569 690 2612 potestatem
703 2569 803 2613 perpetuo
814 2563 835 2600 in
851 2563 948 2602 Ecclesia

141 2624 218 2670 fuisse,
235 2627 292 2663 utin
307 2626 494 2664 Sacramentorrun
513 2625 703 2670 administratione,
721 2625 780 2662 salva
800 2623 882 2662 illorum
901 2625 948 2662 sub·

141 2686 230 2730 stantia,
247 2699 271 2723 ea
282 2693 387 2725 statueret
397 2687 430 2723 vel
442 2692 542 2730 mutaret,
561 2698 612 2735 quae
624 2686 782 2735 suscipientium
796 2686 894 2730 utilitati,
912 2697 948 2723 seu

140 2749 235 2798 ipsorum
248 2747 432 2785 Sacramentorum
444 2747 575 2784 venerationi
586 2759 623 2796 pro
635 2759 719 2792 rerum,
732 2753 848 2796 temporum
860 2753 881 2784 et
892 2747 948 2785 loco-

141 2822 187 2848 rum
198 2808 303 2846 varietate
315 2810 383 2860 magis
398 2808 497 2859 expedire
505 2808 644 2857 judicaverit'’
654 2807 678 2856 ¹).
697 2808 745 2853 Sic,
762 2807 812 2846 licet
828 2808 901 2858 praxis
918 2808 948 2845 vi·

167 2940 180 2986 ί)
191 2942 247 2975 Sess.
257 2941 309 2975 XIV.
320 2949 362 2985 cap.
371 2942 389 2974 2.
