2017 3193
864 80 908 125 219

103 208 211 246 militatem
224 211 314 249 movent,
327 216 427 243 exerceas
440 203 495 240 iliius
507 209 566 241 actus
579 215 623 241 cnm
636 212 712 252 magno
724 195 909 248 proficiendidesi-

104 270 167 308 derio.
180 267 206 304 Ut
218 279 268 304 vero
281 266 372 314 precatio
384 266 524 303 inflammetur
537 264 612 315 magis,
625 261 718 311 expedit,
734 261 779 298 Deo
792 269 909 308 proponere

104 329 162 373 inodo
175 340 234 366 suant
244 327 355 379 indignitat
348 334 396 372 tem,
408 337 486 375 pauper
489 330 563 367 tatem,
581 324 664 360 virtutis
679 321 839 363 necessitatem,
856 318 910 367 peri-

105 391 199 434 cula,-
210 389 268 426 niodo
281 389 411 432 charitatem,
425 398 464 436 qua
475 397 513 422 nos
524 386 582 421 Dens
595 385 619 420 ab
632 390 717 421 aeterno
729 383 808 426 dilexit,
828 378 909 417 miseri-

104 450 209 494 cordiam,
227 463 266 500 qua
277 451 400 488 aberrantes
412 445 532 490 revocavit
551 443 728 494 longanimitatem
744 450 764 480 et
781 441 910 493 patientiam,

104 524 143 562 qua
156 511 244 549 rebelles
258 512 402 555 toteravit-
414 507 473 546 modo
486 507 576 550 iaboreS,
589 504 684 548 sudores,
697 505 815 553 opprobria,
828 501 910 540 erucia-

104 580 138 611 tus
150 579 171 610 et
181 579 267 611 mortem
281 571 367 610 Christi.

105 680 218 713 eonsuttum
229 685 266 721 est,
276 684 298 713 ut
307 677 440 713 confessarius
448 677 568 720 poenitentes
582 684 630 707 suos
642 674 665 706 ad
681 671 801 705 exercendos
813 672 846 703 111
849 675 909 703 tutum

129 729 280 785 theologicarum
290 732 346 762 aetus
356 726 435 769 saepius
445 730 523 769 paterne
535 728 621 763 moneat,
637 721 752 766 praeprimis
761 723 842 776 urgente
852 716 911 752 tenta-

129 778 179 811 tione
188 778 242 834 gravi
252 781 319 811 eontra
328 776 396 816 fidem,
411 784 465 817 spem
476 778 494 807 et
505 775 628 812 charitatem,
641 772 673 805 111
680 770 755 814 quando
765 769 808 812 quis
818 769 835 801 in
844 776 911 811 pecc-a-

128 831 167 865 tum
176 826 282 860 virtutihus
292 827 346 860 hisee
356 825 464 867 oppositum
474 822 552 856 labitur

401 944 476 998 Oratio
491 944 613 1005 doninica,

322 1069 389 1107 1111111
396 1068 442 1118 piis
454 1067 581 1117 conceptibus
592 1067 698 1105 instructu.

178 1181 196 1234 ξ.
211 1178 261 1220 153.
274 1180 340 1229 Quum
353 1182 419 1224 oratio
433 1182 535 1219 dominica
554 1193 613 1229 quam
625 1180 795 1229 frequentissime
813 1180 832 1215 in
851 1180 913 1216 satis-

104 1241 214 1280 factionem
227 1242 308 1294 injungi
320 1243 394 1287 soleat,
402 1241 462 1290 11111111
475 1243 569 1293 regulam
583 1253 645 1290 snpra
656 1240 759 1278 laudatam
771 1240 853 1278 interno
866 1253 913 1289 poe-

104 1304 190 1349 nitentis
203 1305 265 1348 animi
277 1305 341 1344 statui
353 1303 480 1355 applicanda,
492 1304 563 1342 varios
576 1304 628 1354 pios,
641 1303 665 1341 ad
677 1302 816 1341 meditandum
827 1302 913 1340 idoneos

104 1367 234 1419 singularum
253 1367 374 1419 petitionum
393 1367 542 1405 dominicarum
559 1373 682 1416 conceptus,
700 1377 751 1417 qnos
770 1365 913 1404 confessarius

104 1430 124 1474 in
136 1429 190 1469 hunc
202 1430 264 1468 finem
277 1435 402 1469 convertere
414 1430 475 1474 sciet,
487 1429 600 1481 indigitare
612 1428 684 1466 inutile
696 1427 749 1466 haud
761 1429 807 1466 erit.
819 1429 860 1465 En:

439 1531 576 1600 Pater.

179 1677 291 1727 Multiplici
298 1677 382 1728 jureet
393 1675 475 1716 nomine
489 1678 566 1715 Pater:
586 1673 605 1715 i.
625 1677 694 1714 Titnlo
714 1676 856 1726 0111111111,
876 1689 915 1726 qua

105 1751 143 1776 nos
156 1738 181 1776 ad
193 1738 307 1790 imaginem
319 1751 377 1777 suam
390 1738 446 1777 fecit¹
459 1761 489 1766 —
501 1736 521 1777 2.
534 1738 678 1790 Adoptiom's,
698 1751 735 1788 per
753 1739 857 1789 gratiam,
876 1750 915 1788 qua

105 1812 143 1837 nos
156 1799 207 1837 fecit
217 1799 319 1838 haeredes
332 1813 388 1845 suoS,
402 1806 422 1840 et
435 1800 563 1838 cohaeredes
574 1800 683 1850 Unigeniti
695 1801 734 1838 sui,
751 1799 767 1837 Ο
780 1813 840 1850 quam
852 1799 914 1846 rneri-

105 1867 126 1897 11
137 1860 209 1904 Pater,
221 1861 255 1910 qui
267 1862 329 1898 toties
341 1868 427 1909 paratus
440 1867 472 1898 est
483 1866 596 1910 peccantes
608 1861 705 1910 recipere
722 1862 742 1897 in
762 1862 846 1898 eandem
865 1873 915 1912 gra-

105 1921 168 1965 tiam,
187 1926 210 1957 111
228 1921 309 1959 tandem
329 1934 409 1972 qnoque
428 1922 522 1960 admittat
533 1922 553 1958 in
566 1921 663 1973 gloriam,
677 1933 728 1971 quae
747 1927 779 1958 est
797 1921 917 1960 haereditas

105 1981 194 2018 filiorum
206 1982 253 2018 Dei.
266 1984 293 2019 Et
305 1982 357 2020 haee
370 1983 450 2032 quidem
462 1983 578 2031 paternitas
590 1995 666 2033 magno
679 1983 738 2022 stetit
749 1983 801 2019 Filio
812 1983 866 2027 Dei,
884 1982 918 2031 qui

105 2047 172 2078 morte
185 2042 255 2079 crucis
268 2048 289 2079 et
300 2043 368 2092 pretio
381 2043 491 2094 sanguinis
510 2056 554 2080 eam
567 2043 626 2080 nobis
646 2043 780 2091 comparavit
799 2040 819 2081 3.
831 2044 917 2080 Patrem

106 2114 129 2139 se
140 2100 288 2140 Providentia
299 2110 401 2152 praestat,
414 2104 549 2141 sustentando
563 2115 646 2152 corpus,
658 2110 688 2140 tot
701 2104 805 2141 creaturis
817 2104 837 2140 in
850 2104 917 2142 eibum

93 2168 127 2213 ,et
138 2162 251 2200 remedium
271 2162 339 2208 datis,
359 2170 379 2201 ct
395 2164 475 2202 animae
494 2170 525 2202 tot
542 2165 625 2214 gratiae
645 2171 665 2202 et
683 2164 757 2201 salutis
776 2164 858 2202 arrxiliis
876 2170 918 2200 tam

105 2228 200 2264 amanter
213 2223 347 2268 consulendo,
366 2230 388 2261 ut
399 2225 433 2261 vel
445 2224 493 2265 hinc
505 2231 584 2263 tantum
597 2225 655 2262 solus
667 2237 717 2262 vere
735 2225 799 2262 Pater
818 2224 858 2261 dici
875 2236 917 2261 me-

102 2290 183 2338 reatur.
196 2283 254 2324 Unde
267 2284 307 2325 ait:
321 2285 403 2323 „Nolite
414 2297 492 2324 vocare
503 2285 563 2324 vobis
578 2287 663 2324 Patrem
680 2297 743 2335 super
759 2291 850 2330 terram,
865 2297 918 2322 unus

106 2352 139 2388 est
151 2345 203 2388 enim
215 2345 280 2382 Pater
292 2352 371 2391 vester,
391 2345 457 2395 quiin
470 2346 535 2390 coelis
553 2346 606 2383 est.’'
624 2348 652 2384 Et
666 2347 749 2384 merito.
768 2347 820 2384 Nam
841 2348 918 2385 „Pater

105 2419 164 2451 meus
177 2413 198 2444 et
209 2413 277 2444 mater
291 2419 337 2444 mea
356 2406 511 2458 dereliquerunt
528 2419 575 2452 me,
594 2407 653 2457 [quid
672 2407 726 2446 enim
739 2420 790 2457 opus
808 2414 919 2458 praestare

106 2474 193 2518 possunt
205 2468 272 2506 animo
284 2469 316 2507 vel
330 2467 391 2507 etiam
404 2468 489 2539 corpori
500 2469 577 2519 absque
589 2470 657 2515 Deo),
676 2469 779 2507 Dominus
798 2476 866 2508 autem
886 2481 918 2506 as·

106 2530 457 2582 1111111111’1111111111111111111
469 2530 639 2571 nlslderehctus
651 2527 673 2570 4.
685 2529 812 2583 Dasccpmu
824 2538 844 2570 et
858 2529 919 2570 Cot·-

106 2582 231 2644 1111111111
224 2594 275 2632 Nam
287 2594 352 2632 Pater
364 2594 435 2639 filium,
448 2606 507 2646 quem
520 2600 582 2641 amat,
595 2594 667 2646 arguit
679 2601 699 2633 et
712 2594 810 2646 castigat.
823 2590 843 2633 5.
855 2595 919 2633 Pater

106 2651 175 2697 Ittdcd
166 2654 224 2704 lqetti
221 2659 247 2695 111
259 2662 279 2694 11
290 2656 379 2702 Atticae.
393 2655 497 2706 Quomodo
509 2657 624 2695 miseretur
641 2657 705 2696 Pater
717 2657 817 2702 filiorum,
835 2657 864 2696 ita
882 2657 918 2695 mi·

107 2720 178 2757 sertus
191 2724 223 2756 est
233 2716 336 2761 Dominus
349 2718 470 2762 timentibus
483 2732 512 2757 se.
527 2719 551 2757 Si
562 2719 631 2770 itaque
643 2720 678 2759 ille
689 2720 764 2764 Pater,
783 2720 853 2770 utique
865 2719 918 2757 filius

107 2776 157 2824 050!
170 2776 186 2818 0
200 2786 275 2825 quanta
287 2779 338 2821 haec
351 2780 454 2831 dignitas!
474 2780 561 2821 Omnino
573 2794 611 2830 par
624 2788 664 2825 est,
682 2787 705 2817 ut
716 2788 821 2831 praestem
833 2779 918 2830 ingenui

107 2833 225 2888 fiffiptties
238 2850 323 2884 amore,
342 2841 489 2886 observantia,
508 2841 667 2879 ohedientia-
679 2843 797 2886 -Pater,
815 2852 854 2878 non
873 2852 917 2877 suni

107 2894 183 2946 dignus
194 2899 267 2941 vocari
279 2900 333 2939 filius
345 2903 406 2946 tuus!
