2056 3193
176 56 220 100 tao

173 171 212 210 hae
230 174 305 211 multae
321 173 352 210 vel
370 184 448 221 paucae
460 170 518 209 vices
530 185 549 209 v.
563 185 583 223 g.
596 185 632 222 per
645 183 748 220 mensem,
767 174 799 211 vel
817 171 979 219 hebdomadam,

174 240 209 271 ant
221 234 270 271 dies.
282 236 313 271 Ex
324 232 363 269 hoc
378 238 459 270 tantum
474 233 551 283 accipit
566 233 709 271 confessarius
727 235 824 281 notitiae,
841 240 914 284 quanto
927 246 978 282 opus

175 295 242 331 estad
255 295 314 330 linem
327 304 471 343 quemcunque
483 294 621 331 confessionis
634 295 809 343 consequendum.

245 351 271 399 2]
285 351 337 400 Quin
349 353 389 391 imo
403 354 422 391 si
430 356 541 404 poenitens
554 355 578 392 ob
591 353 740 391 multitudinem
756 363 891 403 peccatorum
908 367 978 393 nume-

174 427 217 451 rmn
231 426 302 450 eorum
313 414 407 453 indicare
420 428 460 453 non
472 423 556 464 posset,
574 415 626 452 satis
637 414 711 459 fuerit,
727 415 744 451 si
757 423 871 464 exponeret
891 428 978 454 eonsue-

174 474 262 510 tudinem
275 480 295 510 et
308 481 401 523 tempus,
418 488 456 523 quo
469 476 553 511 duravit
563 476 583 511 in
594 475 642 518 illa:
661 487 680 510 v.
693 487 713 523 g.
727 475 841 519 meretrix,
854 478 900 513 dum
913 476 977 519 addit,

172 544 194 568 se
206 544 243 580 per
262 533 349 581 quinque
362 546 426 570 annos
443 535 463 570 in
476 534 514 570 ltoc
526 534 576 570 vitio
588 533 665 576 fuisse,
683 540 703 569 et
714 533 818 581 quoslibet
833 534 926 571 homines
945 535 978 571 ad·

172 591 262 628 misisse.
285 592 415 636 Cavendum,
431 605 456 630 ne
468 604 514 630 cum
526 605 605 631 nausea
620 599 641 630 et
656 592 723 630 taedio
736 593 861 642 poenitentis
880 607 978 633 numerus

171 660 306 701 peccatorum
328 660 457 703 quaeratur,
476 655 495 690 si
509 667 535 691 ex
547 655 608 692 dictis
620 655 745 703 poenitentis
757 656 893 704 probabiliter
905 664 926 695 et
936 668 978 694 mo-

172 714 246 754 raliter
258 716 365 754 aestimari
381 716 454 766 possit.
470 716 493 754 P.
513 715 633 769 Seg11a1·i¹]
652 717 689 755 ait:
705 716 805 767 „Quando
820 724 891 757 certus
909 732 978 759 nume-

172 791 209 817 rus
225 780 275 818 sciri
290 779 371 830 nequit,
390 779 469 818 sufficit
486 780 599 830 probabilis
605 795 611 826 ς
626 780 725 832 perquire
740 780 761 818 in
779 793 858 832 genere
881 784 977 834 terapua,

173 841 295 887 sciscitare,
314 842 394 892 quotics
412 854 450 892 per
471 854 564 880 mensem
584 849 605 881 et
618 842 767 881 hebdomadam
779 843 828 881 illud
848 844 978 881 committere

173 904 214 940 sint
226 903 296 940 soliti?
309 904 351 941 Imo
364 903 422 942 circa
434 904 533 953 quosdam
546 910 605 942 actus
616 904 710 942 internos
723 904 774 950 odii,
787 905 882 942 luxuriae
895 911 934 943 etc.
949 906 979 942 ni·

173 964 201 1001 hil
218 965 302 1010 attinet,
321 966 395 1003 saltem
411 965 525 1003 ordinarie
543 966 564 1002 in
583 966 713 1016 longioribus
732 966 898 1004 confessionibus
910 967 939 1003 ita
950 966 978 1003 ri-

173 1026 220 1076 gide
238 1026 376 1076 frequentiam
392 1026 525 1071 exarninare,
541 1027 588 1076 quia
605 1027 725 1077 plerumque
742 1027 842 1077 explicari
857 1039 897 1064 non
909 1033 978 1076 potest

173 1088 250 1136 absque
266 1088 360 1135 periculo
379 1088 474 1133 errandi,
486 1087 530 1124 sive
544 1099 585 1137 per
601 1088 718 1132 defectum,
731 1088 775 1125 sive
794 1100 831 1137 per
853 1100 978 1132 excessum

173 1148 208 1184 sed
227 1147 279 1184 satis
296 1148 337 1185 erit
348 1147 426 1185 babere
438 1147 540 1185 rationem
551 1148 662 1197 temporis,
682 1155 757 1197 quanto
777 1148 822 1197 quis
838 1148 859 1185 in
874 1148 978 1186 discordia

172 1208 260 1252 vixerit,
276 1215 350 1257 quanto
363 1208 409 1257 quis
421 1208 504 1245 mulieri
514 1209 548 1245 vel
560 1208 688 1246 concubinae
701 1208 853 1246 cohabitaverit
869 1209 903 1245 vel
915 1208 978 1245 fuerit

172 1268 295 1312 familiaris3
311 1280 376 1317 neque
395 1268 450 1305 enim
461 1280 536 1304 novum
548 1274 591 1312 est,
609 1280 658 1311 res,
678 1279 729 1316 quac
748 1268 772 1304 ad
789 1268 891 1305 calculum
911 1268 978 1305 solent

172 1327 288 1371 numerari,
301 1327 418 1375 expendere
431 1328 456 1364 ad
468 1327 607 1364 niensuranr.”

245 1383 271 1431 3)
288 1385 327 1433 Qui
341 1392 389 1435 post
403 1386 519 1423 discussam
544 1386 656 1437 diligenter
676 1386 825 1424 conscientiam
844 1392 978 1434 peccatorum

173 1458 257 1485 suorum
269 1446 337 1485 addito
350 1447 413 1486 verbo
426 1449 514 1487 ctrctter
526 1446 711 1498 approximativum
723 1460 831 1486 numermu
839 1447 926 1496 aperuit,
939 1459 978 1484 non

173 1515 255 1547 tenetur
269 1515 342 1560 postea
359 1521 385 1547 ex
396 1509 435 1549 boc
450 1521 489 1548 uno
502 1509 561 1548 titulo
578 1514 676 1561 repetere
692 1508 857 1555 confessionem,
873 1508 891 1547 si
909 1508 928 1548 in
941 1521 977 1547 1111-

173 1585 230 1612 mero
248 1585 363 1618 excessus,
381 1572 414 1612 vel
432 1573 452 1612 in
468 1586 503 1620 se,
518 1573 551 1612 vel
569 1572 687 1624 respectire
709 1573 733 1611 ad
751 1586 848 1625 magnam
867 1585 977 1619 sunnnam,

174 1635 261 1688 exiguus
274 1636 392 1688 detegatur.
410 1637 428 1674 Ε
441 1643 515 1675 contra
527 1636 545 1674 si
557 1636 664 1674 multitudo
676 1648 784 1674 numerum
795 1637 816 1674 in
829 1635 915 1675 confuso
928 1636 978 1673 alla-

173 1704 216 1736 tum
228 1698 347 1736 notabiliter
360 1698 457 1744 excedat,
476 1698 524 1736 talis
539 1698 639 1736 redeunte
650 1697 711 1747 hujus
723 1698 823 1735 memoria
835 1697 938 1736 defectum
956 1709 978 1734 u-

173 1760 228 1809 tique
246 1760 343 1809 supplere
358 1760 425 1797 debet.
444 1760 527 1810 Regula
538 1759 590 1798 haec
602 1759 685 1798 docebit
697 1759 859 1803 confessarium,
879 1759 978 1809 quomodo

174 1834 196 1858 se
208 1834 284 1872 gerere
297 1821 372 1859 debeat
383 1833 428 1859 cunr
440 1821 476 1866 iis,
492 1821 526 1871 qui
537 1821 562 1859 de
573 1833 660 1858 numero
675 1826 809 1870 peccatorum
822 1832 907 1857 suorum
925 1819 978 1857 anxii

174 1895 235 1920 sacro
248 1883 348 1920 tribunali
359 1895 382 1919 se
395 1882 477 1920 sistunt.

246 1945 285 1981 Ex.
303 1955 336 1994 gr.
352 1943 477 1992 Sempronia
491 1943 612 1987 confitetur,
632 1942 733 1980 dominam
745 1953 803 1978 suam
816 1941 907 1978 emendis
920 1953 979 1978 escu-

174 2004 235 2041 lentis
251 2004 394 2041 defraudasse.
409 2004 462 2041 Num
481 2003 520 2041 boc
533 2004 615 2052 saepius
628 2009 697 2041 actum
710 2005 758 2039 est?
780 1993 876 2051 Saepius.
893 2000 979 2049 Quoties

174 2066 198 2102 ab
210 2065 282 2102 ultima
294 2064 442 2101 confessione?
454 2064 539 2102 Decies.
553 2063 635 2110 Quanta
647 2070 680 2100 cst
691 2063 774 2113 argenti
786 2064 879 2099 summa?
894 2062 978 2099 Nescio.

174 2124 231 2172 Quae
244 2125 283 2161 fuit
294 2125 380 2161 circiter
392 2124 482 2173 singulis
489 2123 584 2161 vicibus?
597 2123 646 2160 Inde
660 2123 785 2171 computatio
794 2134 806 2159 a
814 2121 924 2159 sacerdote
936 2121 978 2158 fiat.

247 2184 310 2232 Oajus
322 2184 346 2220 de
358 2183 453 2220 mollitiei
469 2183 555 2220 crimine
567 2195 590 2220 se
603 2188 699 2227 accusat,
717 2182 876 2231 interrogatus,
890 2186 938 2230 quot
948 2180 979 2218 -vi-

175 2243 232 2283 cibus
245 2257 293 2282 sese
306 2243 500 2290 commaculaverit,
515 2243 638 2295 respondet,
657 2256 680 2281 se
692 2242 775 2282 nescire
786 2254 837 2293 prae
849 2241 979 2280 multitudine

175 2312 264 2344 actuum.
282 2308 341 2357 Ergo
357 2305 438 2358 quoties
460 2305 484 2344 ab
502 2305 575 2344 ultima
590 2305 738 2345 confessione?
752 2304 773 2343 in
789 2304 874 2343 mense?
891 2302 912 2341 in
931 2302 980 2341 beb-

175 2367 261 2409 domada
270 2372 279 2409 1

383 2492 415 2545 lle
429 2490 607 2546 circumstantiis
620 2493 771 2560 peecatorum.

250 2617 268 2672 ἓ,
281 2611 315 2660 89.
330 2613 349 2660 l.
362 2616 512 2659 confessarius
525 2623 618 2668 quaerat,
635 2617 669 2655 ubi
681 2627 770 2654 neeesse
781 2615 859 2658 fuerit,
878 2619 898 2650 et
909 2613 979 2663 poeni-

175 2689 223 2720 tens
238 2677 291 2718 haud
308 2681 443 2726 indicaverit,
462 2680 486 2718 dc
506 2678 676 2718 circumstantiis.
696 2677 750 2715 Sunt
767 2688 817 2713 vero
835 2674 874 2711 hae
893 2673 980 2724 duplicis

175 2742 270 2796 generis3
289 2747 325 2796 aut
340 2741 431 2791 speeiem
442 2746 555 2785 mutantes,
574 2745 609 2777 aut
620 2738 733 2788 insigniter
749 2736 850 2775 malitiam
861 2747 980 2787 aggravan-

177 2829 356 2840 ....-.-‘————

200 2877 215 2916 ¹)
225 2875 246 2909 In
255 2875 315 2908 Instr.
326 2873 380 2906 Conf.
391 2882 407 2906 c.
416 2874 433 2907 2.
