2056 3193
129 73 171 114 176

127 181 167 230 dia,
181 194 233 234 quae
245 182 366 221 necessaria
378 187 433 227 sunt,
446 187 468 219 nt
480 194 506 220 ex
518 182 611 234 peccatis
624 189 727 236 emergat,
740 182 884 236 conquisierit,
897 194 931 221 ex-

128 253 241 299 ternasque
253 245 335 297 peccati
346 246 469 285 occasiones
481 247 602 294 evitaverit:
614 270 644 274 —
655 246 675 284 si
686 260 732 287 cum
745 248 835 286 inimicis
847 247 867 285 in
876 256 931 299 ‘gra-

129 310 177 345 tiam
190 309 272 349 redire,
284 308 373 353 injurias
386 309 431 344 aliis
444 316 517 356 sponte
530 316 550 344 et
561 309 676 344 liberaliter
689 310 816 350 condonare,
832 309 931 344 honorem

128 367 161 403 vel
173 367 268 402 fortunae
283 366 347 410 bona,
364 377 451 414 qnorum
465 367 571 416 proximus
586 366 642 402 illius
658 367 718 414 culpa
732 367 838 414 jacturam
855 378 930 414 passus

129 433 167 475 est,
179 422 300 474 restituere,
314 433 411 480 quantum
423 428 496 480 potuit,
509 425 669 468 adlaboraverit.
682 426 763 468 Verum
775 433 821 469 utut
831 426 870 468 hoc
884 440 930 468 con-

128 491 172 528 triti
184 497 204 528 et
212 490 299 539 jamjam
316 492 462 540 resipiscentis
480 492 541 530 animi
559 493 641 543 signum
660 492 715 529 omni
729 493 850 542 ‹encreptione
865 492 931 541 majus

128 551 162 592 sit,
173 557 242 586 tamon
251 552 382 586 rarissimum
393 552 503 587 invenitur.
512 553 637 587 —Praeter
648 551 694 597 ipsa
706 552 856 587 emendationis
869 564 932 599 opera

123 608 167 655 jam
180 615 279 658 suscepta
288 615 308 645 et
320 609 414 646 exercita
425 609 522 647 indicium
535 610 597 647 animi
609 609 694 647 contriti
712 610 773 646 etiam
789 610 876 659 praebet
893 623 931 647 sc-

127 673 176 712 rius
187 675 209 712 et
219 672 301 725 efficeras
313 672 471 713 ernendcrtcnts
489 676 595 721 curruum
611 687 671 726 quem
683 673 764 726 quidem
777 679 872 713 conatum
889 680 931 713 tum

128 736 325 779 exconversatione,
334 737 506 785 quampoenitens
516 749 541 773 ex
549 737 616 785 aliquo
624 743 717 784 tempore
725 744 797 774 tenere
806 737 931 785 coepitium

127 806 152 829 ex
159 795 265 841 praesenti
278 795 322 840 ejus
331 795 467 841 dispositione
476 801 602 841 compertum
611 795 688 831 habere
700 796 756 831 licet.
768 796 829 831 Hunc
838 795 857 830 in
871 795 931 830 finem

127 853 248 905 requiritur,
261 854 398 905 utpoenitens
406 860 492 905 paratus
505 854 589 901 existat,
602 860 644 893 tum
653 854 677 892 ad
686 867 710 893 ea
721 855 788 893 onmia
801 854 929 901 declinanda,

125 918 159 956 vel
171 918 244 956 saltem
256 931 293 968 pro
305 918 385 957 viribus
401 920 540 965 extenuanda,
554 932 579 957 ex
591 920 664 970 quibus
677 932 751 958 novum
758 920 788 958 illi
796 919 931 971 naufragium

125 981 227 1023 imminet,
244 986 287 1016 tum
298 993 348 1017 vero
362 981 476 1017 adhibenda
487 981 591 1024 remedia,
608 994 659 1029 quae
678 982 702 1017 ad
719 987 847 1018 constantem
865 981 931 1028 ipsius

126 1039 289 1074 emendationem
301 1040 423 1074 necessaria
434 1040 537 1075 videntur.
551 1040 640 1088 Signum
652 1039 691 1075 hoc
704 1052 727 1074 eo
740 1040 819 1075 certius
832 1045 871 1081 est,
884 1040 931 1086 quia

125 1098 171 1151 Ipse
183 1098 248 1136 Jesus
262 1097 359 1136 Christus
371 1097 420 1137 illud
432 1099 491 1138 nobis
503 1098 523 1137 in
534 1098 650 1153 Evangelio
668 1098 798 1153 indigitavit,
814 1098 844 1137 uti
862 1111 888 1138 en
907 1097 929 1138 S,

125 1163 239 1215 Augustini
255 1164 427 1213 interpretatione
446 1165 519 1203 bonam
532 1165 633 1202 malamve
644 1165 772 1202 voluntatem
791 1164 873 1202 exhibet
893 1164 931 1202 sub

125 1225 216 1274 imagine
229 1225 316 1261 duarum
329 1227 440 1269 arborum,
459 1238 509 1274 quas
522 1226 570 1262 dicit
582 1239 608 1262 ex
622 1226 725 1263 fructibus
738 1238 785 1262 esse
802 1238 931 1275 eognoscen-

126 1284 162 1318 das
171 1283 197 1327 ¹).

199 1341 251 1393 Quid
267 1348 336 1382 antem
355 1342 379 1382 de
394 1343 464 1382 verbis
478 1350 502 1386 et,
515 1343 712 1396 protestationibus,
730 1343 803 1397 quibus
822 1343 930 1396 poenitens

126 1421 149 1446 se
160 1408 268 1458 poenitere
281 1409 406 1454 confitetur,
424 1409 549 1447 censendum
562 1412 608 1447 est?
620 1422 668 1447 nmn
681 1409 711 1446 eis
723 1409 775 1447 fides
788 1408 881 1446 adbiberi
896 1422 931 1458 po-

126 1471 192 1506 terit?
204 1469 317 1514 Profecto,
335 1471 353 1507 si
365 1470 509 1508 confessarius
523 1483 605 1519 semper
619 1471 706 1508 credere
724 1477 807 1518 potest,
824 1470 930 1518 poeniten-

125 1535 166 1563 tem
179 1540 238 1563 suum
250 1540 321 1564 veram
333 1529 410 1564 habere
427 1530 583 1571 contritionem,
604 1529 701 1576 quiahoc
720 1530 754 1563 ille
772 1529 861 1570 asserit,
880 1540 930 1563 nun-

125 1599 185 1639 qnam
197 1586 217 1624 in
236 1586 303 1639 aliquo
315 1587 371 1626 illam
384 1587 457 1626 deesse
466 1587 575 1639 judicabit.
595 1587 645 1639 Quis
659 1587 712 1626 enim
732 1593 777 1635 est,
796 1587 830 1639 qni
847 1587 867 1625 in
885 1587 931 1639 ipsa

126 1653 257 1692 confessione
270 1653 339 1692 dicere
353 1653 413 1692 velit:
435 1667 488 1694 „non
500 1654 591 1705 poenitet
603 1668 635 1692 me
648 1654 757 1692 criminum
770 1667 781 1692 a
793 1666 824 1691 me
838 1659 930 1703 patrato-

125 1727 171 1752 rum
180 1716 202 1752 ?”
215 1717 242 1752 m
254 1715 386 1753 nihilominus
398 1728 471 1753 verum
484 1722 528 1760 est,
541 1728 580 1753 non
593 1727 675 1760 onmes,
694 1716 759 1765 quiid
772 1715 884 1760 affirmant,
895 1727 930 1751 ve-

125 1787 170 1811 ram
181 1775 259 1811 habere
272 1777 424 1811 contritionem.
438 1775 506 1821 Quare
519 1783 541 1811 ut
549 1776 674 1823 poenitentis
686 1775 930 1822 verbaprotestationes-

125 1844 163 1881 qne
183 1844 246 1870 verae
266 1833 397 1870 contritionis
416 1840 562 1884 argumentum
584 1845 632 1884 esse
651 1839 740 1882 queant,
760 1832 886 1881 requiritur,
909 1837 931 1868 ut

123 1894 189 1948 ipsius
202 1895 332 1937 asseveratio
349 1895 395 1937 aliis
413 1895 655 1948 adhucdummomentis
675 1895 817 1936 confirmetur.
836 1894 867 1935 Ad
878 1893 931 1936 hano

125 1962 209 1999 testium
222 1961 311 1998 classem
323 1962 450 1999 referimus:
462 1961 613 1999 Paenitentiam
622 1961 694 2011 magni
704 1961 776 1998 facere
790 1966 810 1996 et
820 1959 930 1997 vehemen-

125 2027 157 2058 ter
170 2021 290 2058 desiderare
295 2036 300 2066 ;
314 2022 359 2058 odio
371 2034 447 2071 magno
459 2022 558 2070 prosequi
569 2028 685 2070 peccatum,
699 2021 805 2057 effundere
819 2021 931 2067 lacrymas,

125 2092 176 2126 quae
189 2081 334 2116 contritionem
349 2082 394 2115 fere
410 2088 536 2127 sequnntur,
555 2087 576 2115 ut
588 2082 693 2126 lacrymae
705 2081 769 2114 vitem
781 2080 899 2125 deputatam
912 2085 932 2112 et

125 2139 239 2188 viventem3
250 2146 337 2193 peecata
346 2139 441 2180 confiteri
450 2152 495 2180 cunr
504 2140 590 2193 quadam
599 2139 756 2194 compunctione
765 2145 786 2178 et
793 2138 930 2178 amaritudine

125 2206 212 2253 animae,
221 2219 266 2245 cum
274 2206 397 2245 sinceritate
406 2206 556 2253 ethumilitate,
569 2220 621 2257 quae
629 2206 734 2245 indubium
747 2205 808 2244 animi
820 2205 931 2243 eandorem

126 2281 174 2314 prae
187 2281 209 2304 se
221 2268 302 2312 ferunt:
318 2269 441 2306 occasiones
453 2269 554 2316 peccandi
566 2270 649 2305 sincere
664 2280 790 2315 proponere,
809 2279 832 2303 ac
845 2278 933 2315 gravem

126 2328 298 2362 contestationem
310 2328 388 2362 vitandi
400 2340 424 2361 ea
437 2329 543 2370 emittere,
556 2328 633 2362 habere
646 2326 932 2371 desideriumetpropositum

126 2385 236 2436 complices
255 2385 336 2436 peccati
348 2385 493 2433 convertendi;
512 2385 611 2424 alacriter
623 2384 732 2437 suscipere
746 2390 766 2421 et
783 2383 846 2421 multo
863 2383 931 2437 magis

126 2457 197 2501 sponte
212 2458 284 2503 petere
301 2465 388 2504 gravem
399 2452 554 2503 poenitentiam.
573 2451 673 2498 Accedit,
687 2451 705 2489 si
717 2450 846 2502 poenitentes
863 2450 933 2489 dicant

126 2514 196 2550 statim
208 2515 231 2550 ab
243 2515 308 2558 initio,
321 2527 344 2551 se
357 2515 452 2564 graviter
464 2527 574 2563 peccasse,
587 2521 622 2551 ant
633 2516 701 2551 Deum
714 2514 839 2550 offendisse:
852 2513 870 2548 si
883 2525 931 2561 pec-

126 2579 173 2609 cata
188 2574 245 2619 prius
260 2574 279 2608 in
296 2574 428 2610 confessione
445 2575 558 2610 deliberate
579 2575 657 2609 omissa
676 2584 729 2608 nnnc
750 2572 901 2609 confiteantur:
914 2572 932 2606 si

125 2631 206 2675 dicant,
224 2641 245 2666 sc
258 2643 305 2668 mox
316 2637 363 2681 post
375 2637 483 2679 peceatum
496 2632 630 2669 connnissmn
641 2630 768 2680 poenitentia
781 2634 848 2668 tactos
862 2640 885 2667 ac
897 2629 931 2667 do·

124 2695 182 2744 lore3
195 2693 214 2734 si
226 2702 334 2745 asserant,
353 2694 376 2736 ad
389 2693 443 2736 bunc
456 2695 508 2736 diem
521 2703 556 2736 ant
569 2696 637 2736 locuni
649 2708 672 2735 se
685 2695 837 2736 confessionem
852 2693 931 2747 specia-

124 2761 173 2798 liter
189 2759 309 2804 distulisse,
326 2761 452 2809 praesertim
465 2761 483 2797 si
495 2760 520 2798 ad
532 2761 670 2798 confitendum
681 2761 766 2810 longum
778 2760 818 2796 iter
831 2759 933 2809 aggressi

149 2890 164 2930 1)
174 2887 242 2921 blatth.
253 2887 295 2920 Vll.
303 2887 333 2919 20,
