2056 3193
407 249 510 302 lenones
523 247 703 318 poenitentiales

223 370 234 428 fi
260 373 309 415 149.
328 377 407 429 Magna
423 376 468 414 erat
482 383 577 414 veterum
592 378 678 414 Petrum
695 381 746 413 cura
765 381 784 412 et
800 377 918 429 diligentia,
936 383 957 414 ut

150 438 233 490 propria
245 439 351 486 remedia,
364 445 385 478 et
396 439 455 489 juste
466 452 503 489 pro
522 451 644 489 unoquoque
657 437 742 477 crimine
754 439 893 487 poeniteutiae
907 446 956 478 tem-

149 513 199 550 pora
213 503 400 540 constituerentur.
412 504 444 539 Ea
456 502 511 539 dere
523 501 626 552 agebatur
633 501 653 537 iu
662 499 763 544 consiliis,
776 500 810 537 ubi
822 502 893 550 plures
909 515 956 541 cou-

149 562 185 600 diti
198 570 247 601 suut
259 576 359 608 canones,
379 564 541 601 consulebantur
556 562 618 600 etiam
633 562 746 612 primarum
759 561 839 599 sedium
850 564 957 615 Episcopi,

149 630 170 661 et
182 625 216 674 qui
228 626 306 663 ceteris
318 625 396 675 pietate
409 637 433 663 ae
445 623 540 662 doctrina
557 630 701 673 praestarentg
720 622 772 661 ethi
784 635 833 661 suas
846 623 922 663 debunt
933 627 956 663 li·

149 692 214 731 teras,
228 687 301 736 quibus
314 693 382 736 aptam
395 693 415 724 et
426 686 520 724 idoneam
533 686 557 723 ud
570 686 653 737 singula
665 685 752 723 crimine
763 685 922 734 poenitentiam,
938 695 958 725 et

150 749 194 796 ejus
207 760 286 798 quoquc
299 755 378 798 tempus
391 747 531 785 stelriliebant
543 747 598 785 Hinc
611 747 693 786 collecti
705 753 754 784 suut
766 745 869 785 ositiones
877 752 957 798 poeni-

149 809 259 859 tentiales,
273 822 298 847 ex
310 817 397 859 quorum
410 808 535 847 auctoritate
547 809 687 858 poenitentiae
698 809 867 858 iruporrebarrtur;
880 808 901 846 et
912 810 957 847 ideo

149 882 195 908 eum
207 871 306 920 Episcopi
318 871 407 909 eoncilia
418 870 528 914 habebant,
540 870 595 907 inter
608 877 680 909 cetera
691 870 802 907 mouebant
812 869 957 919 presbyteros,

148 938 170 968 ut
181 944 225 969 noir
243 944 272 970 esc
284 931 362 981 corde,
381 932 423 969 sed
431 934 491 969 sicut
500 934 523 968 iri
538 930 691 981 poenitentiali
702 934 809 982 scriptum
821 934 868 981 est,
887 932 957 981 poeni-

149 993 224 1030 tentias
237 992 342 1040 darent¹).
362 992 461 1040 Quoniam
474 1004 524 1030 vero
544 1005 569 1030 ex
581 994 697 1031 rationibus
710 1005 773 1042 supra
785 992 874 1030 laudatis
891 992 957 1030 (lano-

149 1063 185 1091 nes
197 1054 357 1103 poenitentiales
369 1066 439 1098 nosse,
453 1054 563 1091 etiamnum
576 1054 754 1092 confessariorum
766 1053 958 1098 ruaximeintercst,

148 1120 189 1152 tam
201 1122 287 1164 propter
299 1128 358 1153 suum
370 1115 471 1164 ipsorum,
485 1126 544 1164 quam
556 1122 692 1164 peecatorum
704 1127 784 1165 quoque
797 1114 925 1152 commodum
938 1121 958 1152 et

148 1176 269 1221 utilitatem,
290 1176 423 1226 appendicem
443 1174 565 1220 eorundem,
585 1177 651 1225 qualis
670 1176 803 1214 circumferri
818 1176 881 1220 solet,
896 1176 957 1223 juxta

148 1237 242 1274 ordinem
253 1238 358 1288 Decalogi
371 1237 469 1274 exhibere
477 1237 544 1286 juvat.
558 1237 648 1275 Consule
661 1236 683 1275 S.
697 1237 766 1274 bacol.
779 1231 841 1291 B.l²]‚
862 1243 881 1273 et
895 1236 956 1274 Oard.

148 1298 172 1335 de
183 1296 310 1349 Aguirre³].

400 1417 657 1487 Praeceptum
690 1418 705 1469 l.

201 1541 336 1590 Dominum
348 1540 431 1588 Demo
444 1548 512 1589 tirum
525 1540 646 1589 adorabis
660 1549 684 1589 et
695 1541 734 1589 illi
747 1541 794 1590 soii
806 1542 904 1589 servies.

148 1662 188 1710 Qui
200 1676 211 1700 a
223 1663 262 1700 fide
275 1662 378 1701 catholica
390 1663 512 1707 desciverit,
524 1665 672 1713 poenitentiam
685 1670 735 1715 aget
747 1664 807 1701 antris
820 1665 898 1702 decem.

148 1722 188 1771 Qui
200 1725 296 1774 auguriis
308 1730 328 1760 et
340 1724 501 1762 divinationibus
514 1726 620 1770 servierit,
633 1727 708 1775 quique
720 1726 874 1763 incantationes
887 1724 956 1761 diabo-

179 1785 231 1822 licas
244 1785 326 1828 lecerit,
338 1785 447 1833 poenitens
460 1785 500 1823 erit
512 1786 570 1823 armis
583 1794 670 1835 septem¹

148 1843 188 1892 Qui
199 1857 272 1896 magos
285 1845 421 1890 consuluerit,
434 1852 540 1895 artemque
552 1847 655 1898 magicum
669 1847 693 1883 ad
706 1847 847 1896 quodcumque
860 1845 956 1882 adbibue-

178 1905 213 1951 rit,
225 1906 384 1955 inpoenitentia
396 1906 437 1943 erit
449 1906 508 1943 annis
520 1907 615 1957 quinque.

149 1966 229 2016 Siquis
241 1967 260 2004 in
274 1967 392 2011 codicibus,
409 1968 475 2004 autin
489 1968 565 2005 tabulis
581 1975 639 2005 sorte
658 1969 719 2006 ducte
734 1979 770 2004 res
785 1968 868 2004 futuras
886 1966 956 2015 requi·

178 2028 246 2073 sierit,
258 2028 367 2077 poenitens
380 2028 421 2065 erit
433 2028 477 2065 dies
490 2028 635 2080 quadraginta.

396 2146 652 2215 Praeceptum
684 2147 708 2198 ll.

279 2271 339 2319 Nori
352 2288 459 2319 describes
472 2288 559 2320 pomeri
571 2272 622 2320 Dei
635 2273 672 2321 tiri
684 2274 712 2320 iti
724 2290 824 2320 parturii.

149 2393 276 2446 Quicumque
289 2397 358 2436 sciens
370 2396 506 2447 pejeraverit,
519 2398 658 2450 quadraginta
670 2398 714 2436 dies
726 2398 746 2435 in
758 2410 811 2447 pene
824 2405 845 2436 et
857 2409 916 2447 aqua,
936 2404 956 2435 et

180 2464 258 2508 septem
271 2465 383 2510 sequentes
397 2471 461 2498 annos
473 2460 589 2511 poeniteat:
609 2467 630 2498 et
643 2466 692 2511 quot
703 2459 797 2499 homines
812 2460 831 2497 in
846 2465 956 2509 peceatum

179 2519 291 2567 induxerit,
303 2533 341 2571 pro
354 2521 440 2560 totidem
451 2521 552 2572 perjuriis
560 2522 648 2571 jejunet.

150 2579 189 2628 Qui
201 2584 304 2631 compellit
316 2583 386 2628 alium,
404 2590 428 2622 ut
439 2584 514 2622 falsum
523 2583 593 2632 juret,
612 2584 752 2636 quadraginta
769 2585 813 2622 dies
829 2584 849 2621 iu
865 2596 917 2633 pane
936 2591 957 2622 et

180 2655 238 2692 aqua,
251 2652 271 2682 et
282 2652 361 2695 septem
375 2646 433 2683 aunis
446 2646 607 2696 inpoenitentia
620 2646 666 2684 erit.

148 2705 172 2742 Si
185 2704 230 2755 quis
242 2717 314 2744 nomen
333 2707 373 2744 Dei
384 2707 500 2755 juraverit,
516 2707 534 2744 si
553 2708 617 2744 semel
633 2708 729 2746 nesciens
745 2708 831 2753 fecerit,
847 2700 956 2757 poenitens

143 2806 369 2816 —U—

174 2866 187 2903 ¹)
197 2863 252 2944 [llll
257 2862 390 2944 Brrpchardppr
395 2864 437 2897 libr.
446 2867 461 2897 1.
472 2874 489 2898 c.
497 2865 527 2898 9'4.
536 2864 655 2907 Reginonem
661 2865 704 2898 libr.
713 2867 728 2898 l.
737 2875 754 2897 c.
762 2866 894 2899 eessenedict.
905 2866 956 2899 XIV.

252 2922 256 2931 v
271 2937 275 2944 Ι
343 2936 347 2944 ,
365 2912 369 2919 ’
396 2937 400 2945 ,
420 2924 451 2947 43·
487 2938 491 2946 ,
515 2939 519 2946 Ι
543 2939 547 2946 Ι
565 2932 589 2937 -
606 2918 613 2938 2
724 2926 727 2932 ·
745 2939 749 2947 ι
943 2915 956 2939 ’-

196 2912 293 2994 teengellles.
299 2920 350 3004 10ἐξ)
360 2915 416 2994 lJllsl
424 2963 447 2995 ad
457 2916 545 2997 (lelulle.
556 2967 576 2996 et
585 2914 627 2997 Xll.
637 2915 881 2998 lllloddlle'lldlctldllllnones
890 2925 947 2958 poem
