<?xml version="1.0" encoding="UTF-8"?>
<!DOCTYPE html PUBLIC "-//W3C//DTD XHTML 1.0 Transitional//EN"
    "http://www.w3.org/TR/xhtml1/DTD/xhtml1-transitional.dtd">
<html xmlns="http://www.w3.org/1999/xhtml" xml:lang="en" lang="en">
 <head>
  <title>
</title>
<meta http-equiv="Content-Type" content="text/html;charset=utf-8" />
  <meta name='ocr-system' content='tesseract 3.04.00' />
  <meta name='ocr-capabilities' content='ocr_page ocr_carea ocr_par ocr_line ocrx_word'/>
</head>
<body>
  <div class='ocr_page' id='page_1' title='image "MN42038ucmf_0_0336.png"; bbox 0 0 2056 3193; ppageno 0'>
   <div class='ocr_carea' id='block_1_1' title="bbox 127 89 172 134">
    <p class='ocr_par' dir='ltr' id='par_1_1' title="bbox 127 89 172 134">
     <span class='ocr_line' id='line_1_1' title="bbox 127 89 172 134; baseline -0.022 0"><span class='ocrx_word' id='word_1_1' title='bbox 127 89 172 134; x_wconf 71' lang='lat'><strong>294</strong></span> 
     </span>
    </p>
   </div>
   <div class='ocr_carea' id='block_1_2' title="bbox 125 199 973 2684">
    <p class='ocr_par' dir='ltr' id='par_1_2' title="bbox 125 199 973 729">
     <span class='ocr_line' id='line_1_2' title="bbox 127 199 934 253; baseline -0.002 -12"><span class='ocrx_word' id='word_1_2' title='bbox 127 203 202 248; x_wconf 90' lang='lat' dir='ltr'><strong>tueris,</strong></span> <span class='ocrx_word' id='word_1_3' title='bbox 215 214 254 253; x_wconf 80' lang='lat' dir='ltr'><strong>ego</strong></span> <span class='ocrx_word' id='word_1_4' title='bbox 266 208 286 240; x_wconf 92' lang='lat' dir='ltr'><strong>te</strong></span> <span class='ocrx_word' id='word_1_5' title='bbox 299 202 408 247; x_wconf 82' lang='lat' dir='ltr'><strong>absolvo”,</strong></span> <span class='ocrx_word' id='word_1_6' title='bbox 420 202 480 251; x_wconf 85' lang='lat' dir='ltr'><strong>plane</strong></span> <span class='ocrx_word' id='word_1_7' title='bbox 491 199 582 238; x_wconf 89' lang='lat' dir='ltr'><strong>invalida</strong></span> <span class='ocrx_word' id='word_1_8' title='bbox 594 206 632 237; x_wconf 87' lang='lat' dir='ltr'><strong>est.</strong></span> <span class='ocrx_word' id='word_1_9' title='bbox 651 200 704 238; x_wconf 87' lang='lat' dir='ltr'><strong>Nam</strong></span> <span class='ocrx_word' id='word_1_10' title='bbox 716 199 818 238; x_wconf 81' lang='lat' dir='ltr'>absolutio</span> <span class='ocrx_word' id='word_1_11' title='bbox 829 200 877 237; x_wconf 88' lang='lat' dir='ltr'><strong>talis</strong></span> <span class='ocrx_word' id='word_1_12' title='bbox 895 213 934 239; x_wconf 92' lang='lat' dir='ltr'><strong>nec</strong></span> 
     </span>
     <span class='ocr_line' id='line_1_3' title="bbox 126 260 935 312; baseline -0.004 -10"><span class='ocrx_word' id='word_1_13' title='bbox 126 264 184 302; x_wconf 73' lang='lat' dir='ltr'><strong>&#39;valet</strong></span> <span class='ocrx_word' id='word_1_14' title='bbox 194 269 254 309; x_wconf 87' lang='lat' dir='ltr'><strong>tune,</strong></span> <span class='ocrx_word' id='word_1_15' title='bbox 273 275 319 301; x_wconf 91' lang='lat' dir='ltr'><strong>cum</strong></span> <span class='ocrx_word' id='word_1_16' title='bbox 330 262 490 312; x_wconf 87' lang='lat' dir='ltr'><strong>pronuntiatur,</strong></span> <span class='ocrx_word' id='word_1_17' title='bbox 509 261 556 311; x_wconf 90' lang='lat' dir='ltr'><strong>quia</strong></span> <span class='ocrx_word' id='word_1_18' title='bbox 568 261 627 299; x_wconf 88' lang='lat' dir='ltr'><strong>deest</strong></span> <span class='ocrx_word' id='word_1_19' title='bbox 637 260 725 300; x_wconf 91' lang='lat' dir='ltr'><strong>intentio</strong></span> <span class='ocrx_word' id='word_1_20' title='bbox 737 261 878 306; x_wconf 86' lang='lat' dir='ltr'><strong>absolventis,</strong></span> <span class='ocrx_word' id='word_1_21' title='bbox 895 273 935 301; x_wconf 90' lang='lat' dir='ltr'><strong>nec</strong></span> 
     </span>
     <span class='ocr_line' id='line_1_4' title="bbox 127 321 934 373; baseline -0.002 -11"><span class='ocrx_word' id='word_1_22' title='bbox 127 325 191 369; x_wconf 88' lang='lat' dir='ltr'><strong>valet,</strong></span> <span class='ocrx_word' id='word_1_23' title='bbox 203 336 249 363; x_wconf 90' lang='lat' dir='ltr'><strong>oum</strong></span> <span class='ocrx_word' id='word_1_24' title='bbox 260 324 343 373; x_wconf 90' lang='lat' dir='ltr'><strong>ponitur</strong></span> <span class='ocrx_word' id='word_1_25' title='bbox 357 324 452 368; x_wconf 85' lang='lat' dir='ltr'><strong>conditio,</strong></span> <span class='ocrx_word' id='word_1_26' title='bbox 470 322 517 372; x_wconf 87' lang='lat' dir='ltr'><strong>quia</strong></span> <span class='ocrx_word' id='word_1_27' title='bbox 528 322 596 360; x_wconf 88' lang='lat' dir='ltr'><strong>forma</strong></span> <span class='ocrx_word' id='word_1_28' title='bbox 604 322 647 371; x_wconf 82' lang='lat' dir='ltr'><strong>jam</strong></span> <span class='ocrx_word' id='word_1_29' title='bbox 659 333 700 359; x_wconf 90' lang='lat' dir='ltr'><strong>non</strong></span> <span class='ocrx_word' id='word_1_30' title='bbox 711 329 744 361; x_wconf 90' lang='lat' dir='ltr'><strong>est</strong></span> <span class='ocrx_word' id='word_1_31' title='bbox 754 321 862 360; x_wconf 81' lang='lat' dir='ltr'><strong>moraliter</strong></span> <span class='ocrx_word' id='word_1_32' title='bbox 873 334 934 372; x_wconf 88' lang='lat' dir='ltr'><strong>prae·</strong></span> 
     </span>
     <span class='ocr_line' id='line_1_5' title="bbox 128 383 935 434; baseline -0.002 -11"><span class='ocrx_word' id='word_1_33' title='bbox 128 398 187 424; x_wconf 90' lang='lat' dir='ltr'><strong>sens:</strong></span> <span class='ocrx_word' id='word_1_34' title='bbox 207 385 371 424; x_wconf 79' lang='lat' dir='ltr'>Sacramentum</span> <span class='ocrx_word' id='word_1_35' title='bbox 383 384 465 423; x_wconf 86' lang='lat' dir='ltr'><strong>nonnisi</strong></span> <span class='ocrx_word' id='word_1_36' title='bbox 479 394 582 433; x_wconf 79' lang='lat' dir='ltr'>praesens</span> <span class='ocrx_word' id='word_1_37' title='bbox 594 388 706 433; x_wconf 72' lang='lat' dir='ltr'>operatur,</span> <span class='ocrx_word' id='word_1_38' title='bbox 719 389 740 420; x_wconf 89' lang='lat' dir='ltr'><strong>et</strong></span> <span class='ocrx_word' id='word_1_39' title='bbox 757 395 783 420; x_wconf 84' lang='lat' dir='ltr'><strong>ex</strong></span> <span class='ocrx_word' id='word_1_40' title='bbox 794 396 821 421; x_wconf 90' lang='lat' dir='ltr'><strong>se</strong></span> <span class='ocrx_word' id='word_1_41' title='bbox 838 383 935 434; x_wconf 77' lang='lat' dir='ltr'><strong>producit</strong></span> 
     </span>
     <span class='ocr_line' id='line_1_6' title="bbox 127 443 935 498; baseline -0.005 -13"><span class='ocrx_word' id='word_1_42' title='bbox 127 448 154 490; x_wconf 88' lang='lat' dir='ltr'><strong>id,</strong></span> <span class='ocrx_word' id='word_1_43' title='bbox 174 447 226 497; x_wconf 80' lang='lat' dir='ltr'><strong>quod</strong></span> <span class='ocrx_word' id='word_1_44' title='bbox 244 446 364 498; x_wconf 82' lang='lat' dir='ltr'><strong>significat,</strong></span> <span class='ocrx_word' id='word_1_45' title='bbox 384 445 490 497; x_wconf 82' lang='lat' dir='ltr'><strong>significat</strong></span> <span class='ocrx_word' id='word_1_46' title='bbox 507 449 576 482; x_wconf 82' lang='lat' dir='ltr'><strong>autern</strong></span> <span class='ocrx_word' id='word_1_47' title='bbox 594 445 692 482; x_wconf 84' lang='lat' dir='ltr'><strong>effectum</strong></span> <span class='ocrx_word' id='word_1_48' title='bbox 709 443 733 481; x_wconf 94' lang='lat' dir='ltr'><strong>de</strong></span> <span class='ocrx_word' id='word_1_49' title='bbox 751 445 863 493; x_wconf 82' lang='lat' dir='ltr'><strong>praesenti.</strong></span> <span class='ocrx_word' id='word_1_50' title='bbox 884 444 935 482; x_wconf 73' lang='lat' dir='ltr'><strong>(lum</strong></span> 
     </span>
     <span class='ocr_line' id='line_1_7' title="bbox 127 503 936 558; baseline -0.002 -13"><span class='ocrx_word' id='word_1_51' title='bbox 127 520 178 546; x_wconf 88' lang='lat' dir='ltr'><strong>vero</strong></span> <span class='ocrx_word' id='word_1_52' title='bbox 191 507 265 558; x_wconf 87' lang='lat' dir='ltr'><strong>aliquis</strong></span> <span class='ocrx_word' id='word_1_53' title='bbox 278 507 401 552; x_wconf 82' lang='lat' dir='ltr'><strong>absolvitur,</strong></span> <span class='ocrx_word' id='word_1_54' title='bbox 414 506 449 556; x_wconf 91' lang='lat' dir='ltr'><strong>qui</strong></span> <span class='ocrx_word' id='word_1_55' title='bbox 460 505 512 543; x_wconf 90' lang='lat' dir='ltr'><strong>alias</strong></span> <span class='ocrx_word' id='word_1_56' title='bbox 523 516 563 542; x_wconf 89' lang='lat' dir='ltr'><strong>non</strong></span> <span class='ocrx_word' id='word_1_57' title='bbox 574 510 647 554; x_wconf 89' lang='lat' dir='ltr'><strong>posset</strong></span> <span class='ocrx_word' id='word_1_58' title='bbox 659 504 752 549; x_wconf 89' lang='lat' dir='ltr'><strong>absolvi,</strong></span> <span class='ocrx_word' id='word_1_59' title='bbox 770 503 811 541; x_wconf 91' lang='lat' dir='ltr'><strong>nisi</strong></span> <span class='ocrx_word' id='word_1_60' title='bbox 828 506 936 554; x_wconf 84' lang='lat' dir='ltr'><strong>promittat</strong></span> 
     </span>
     <span class='ocr_line' id='line_1_8' title="bbox 128 565 973 617; baseline -0.006 -10"><span class='ocrx_word' id='word_1_61' title='bbox 128 569 254 607; x_wconf 84' lang='lat' dir='ltr'><strong>satisfacere</strong></span> <span class='ocrx_word' id='word_1_62' title='bbox 265 568 299 606; x_wconf 90' lang='lat' dir='ltr'><strong>vel</strong></span> <span class='ocrx_word' id='word_1_63' title='bbox 313 567 443 612; x_wconf 86' lang='lat' dir='ltr'><strong>restituere,</strong></span> <span class='ocrx_word' id='word_1_64' title='bbox 461 566 495 604; x_wconf 88' lang='lat' dir='ltr'><strong>vel</strong></span> <span class='ocrx_word' id='word_1_65' title='bbox 506 577 616 603; x_wconf 90' lang='lat' dir='ltr'><strong>removere</strong></span> <span class='ocrx_word' id='word_1_66' title='bbox 628 565 773 611; x_wconf 77' lang='lat' dir='ltr'><strong>occasionem,</strong></span> <span class='ocrx_word' id='word_1_67' title='bbox 788 567 936 617; x_wconf 71' lang='lat' dir='ltr'><strong>prontissiooe</strong></span> <span class='ocrx_word' id='word_1_68' title='bbox 971 597 973 602; x_wconf 80' lang='grc'>,</span> 
     </span>
     <span class='ocr_line' id='line_1_9' title="bbox 125 625 935 681; baseline -0.004 -14"><span class='ocrx_word' id='word_1_69' title='bbox 125 632 236 681; x_wconf 80' lang='lat' dir='ltr'><strong>praestita</strong></span> <span class='ocrx_word' id='word_1_70' title='bbox 248 629 308 667; x_wconf 90' lang='lat' dir='ltr'><strong>debet</strong></span> <span class='ocrx_word' id='word_1_71' title='bbox 320 628 407 674; x_wconf 88' lang='lat' dir='ltr'><strong>absolvi,</strong></span> <span class='ocrx_word' id='word_1_72' title='bbox 420 634 440 665; x_wconf 90' lang='lat' dir='ltr'><strong>et</strong></span> <span class='ocrx_word' id='word_1_73' title='bbox 452 626 537 677; x_wconf 86' lang='lat' dir='ltr'><strong>quidem</strong></span> <span class='ocrx_word' id='word_1_74' title='bbox 544 638 585 664; x_wconf 90' lang='lat' dir='ltr'><strong>non</strong></span> <span class='ocrx_word' id='word_1_75' title='bbox 597 625 745 672; x_wconf 88' lang='lat' dir='ltr'><strong>conditionate,</strong></span> <span class='ocrx_word' id='word_1_76' title='bbox 764 627 801 666; x_wconf 91' lang='lat' dir='ltr'><strong>sed</strong></span> <span class='ocrx_word' id='word_1_77' title='bbox 813 627 935 678; x_wconf 89' lang='lat' dir='ltr'><strong>simpliciter</strong></span> 
     </span>
     <span class='ocr_line' id='line_1_10' title="bbox 128 690 326 729; baseline -0.01 0"><span class='ocrx_word' id='word_1_78' title='bbox 128 690 165 729; x_wconf 87' lang='lat' dir='ltr'><strong>sub</strong></span> <span class='ocrx_word' id='word_1_79' title='bbox 178 690 240 728; x_wconf 91' lang='lat' dir='ltr'><strong>solita</strong></span> <span class='ocrx_word' id='word_1_80' title='bbox 252 690 326 727; x_wconf 89' lang='lat' dir='ltr'><strong>forma.</strong></span> 
     </span>
    </p>

    <p class='ocr_par' dir='ltr' id='par_1_3' title="bbox 127 747 956 1285">
     <span class='ocr_line' id='line_1_11' title="bbox 201 747 935 799; baseline 0 -10"><span class='ocrx_word' id='word_1_81' title='bbox 201 748 222 789; x_wconf 79' lang='lat'><strong>2.</strong></span> <span class='ocrx_word' id='word_1_82' title='bbox 234 751 287 789; x_wconf 81' lang='lat' dir='ltr'><strong>Num</strong></span> <span class='ocrx_word' id='word_1_83' title='bbox 298 750 358 789; x_wconf 87' lang='lat' dir='ltr'><strong>licita</strong></span> <span class='ocrx_word' id='word_1_84' title='bbox 369 750 396 787; x_wconf 91' lang='lat' dir='ltr'><strong>sit</strong></span> <span class='ocrx_word' id='word_1_85' title='bbox 408 748 510 787; x_wconf 84' lang='lat' dir='ltr'><strong>absolutio</strong></span> <span class='ocrx_word' id='word_1_86' title='bbox 523 747 560 785; x_wconf 88' lang='lat' dir='ltr'><strong>suh</strong></span> <span class='ocrx_word' id='word_1_87' title='bbox 573 747 690 786; x_wconf 84' lang='lat' dir='ltr'><strong>conditione</strong></span> <span class='ocrx_word' id='word_1_88' title='bbox 708 747 733 785; x_wconf 91' lang='lat' dir='ltr'><strong>de</strong></span> <span class='ocrx_word' id='word_1_89' title='bbox 753 750 861 799; x_wconf 83' lang='lat' dir='ltr'><strong>praesenti</strong></span> <span class='ocrx_word' id='word_1_90' title='bbox 875 750 935 797; x_wconf 89' lang='lat' dir='ltr'><strong>data,</strong></span> 
     </span>
     <span class='ocr_line' id='line_1_12' title="bbox 128 809 936 851; baseline -0.001 -1"><span class='ocrx_word' id='word_1_91' title='bbox 128 824 168 851; x_wconf 93' lang='lat' dir='ltr'><strong>non</strong></span> <span class='ocrx_word' id='word_1_92' title='bbox 180 824 251 850; x_wconf 90' lang='lat' dir='ltr'><strong>omnes</strong></span> <span class='ocrx_word' id='word_1_93' title='bbox 270 811 408 851; x_wconf 88' lang='lat' dir='ltr'><strong>consentiunt.</strong></span> <span class='ocrx_word' id='word_1_94' title='bbox 429 810 518 847; x_wconf 89' lang='lat' dir='ltr'><strong>Patroni</strong></span> <span class='ocrx_word' id='word_1_95' title='bbox 534 809 651 847; x_wconf 88' lang='lat' dir='ltr'><strong>sententiae</strong></span> <span class='ocrx_word' id='word_1_96' title='bbox 667 809 806 847; x_wconf 85' lang='lat' dir='ltr'><strong>affirmativae</strong></span> <span class='ocrx_word' id='word_1_97' title='bbox 824 810 853 848; x_wconf 91' lang='lat' dir='ltr'><strong>ita</strong></span> <span class='ocrx_word' id='word_1_98' title='bbox 871 813 936 850; x_wconf 90' lang='lat' dir='ltr'><strong>ratio·</strong></span> 
     </span>
     <span class='ocr_line' id='line_1_13' title="bbox 129 865 936 921; baseline -0.002 -10"><span class='ocrx_word' id='word_1_99' title='bbox 129 874 235 912; x_wconf 82' lang='lat' dir='ltr'><strong>sinantur:</strong></span> <span class='ocrx_word' id='word_1_100' title='bbox 254 871 373 910; x_wconf 79' lang='lat' dir='ltr'><strong>Communis</strong></span> <span class='ocrx_word' id='word_1_101' title='bbox 384 870 456 921; x_wconf 82' lang='lat' dir='ltr'><strong>praxis</strong></span> <span class='ocrx_word' id='word_1_102' title='bbox 468 881 508 907; x_wconf 92' lang='lat' dir='ltr'><strong>non</strong></span> <span class='ocrx_word' id='word_1_103' title='bbox 520 870 601 907; x_wconf 92' lang='lat' dir='ltr'><strong>omnino</strong></span> <span class='ocrx_word' id='word_1_104' title='bbox 613 868 723 918; x_wconf 89' lang='lat' dir='ltr'><strong>prohibet,</strong></span> <span class='ocrx_word' id='word_1_105' title='bbox 741 865 789 920; x_wconf 78' lang='lat' dir='ltr'><strong>quin</strong></span> <span class='ocrx_word' id='word_1_106' title='bbox 801 871 841 909; x_wconf 91' lang='lat' dir='ltr'><strong>imo</strong></span> <span class='ocrx_word' id='word_1_107' title='bbox 860 873 936 910; x_wconf 83' lang='lat' dir='ltr'><strong>suffra-</strong></span> 
     </span>
     <span class='ocr_line' id='line_1_14' title="bbox 128 930 937 985; baseline -0.001 -13"><span class='ocrx_word' id='word_1_108' title='bbox 128 934 177 985; x_wconf 80' lang='lat' dir='ltr'><strong>gari</strong></span> <span class='ocrx_word' id='word_1_109' title='bbox 187 934 269 972; x_wconf 89' lang='lat' dir='ltr'><strong>videtur</strong></span> <span class='ocrx_word' id='word_1_110' title='bbox 281 933 329 983; x_wconf 87' lang='lat' dir='ltr'><strong>quia</strong></span> <span class='ocrx_word' id='word_1_111' title='bbox 339 932 360 969; x_wconf 93' lang='lat' dir='ltr'><strong>in</strong></span> <span class='ocrx_word' id='word_1_112' title='bbox 372 944 451 982; x_wconf 82' lang='lat' dir='ltr'><strong>genere</strong></span> <span class='ocrx_word' id='word_1_113' title='bbox 459 930 600 969; x_wconf 75' lang='lat' dir='ltr'><strong>conditionata</strong></span> <span class='ocrx_word' id='word_1_114' title='bbox 610 930 720 969; x_wconf 85' lang='lat' dir='ltr'><strong>reiteratio</strong></span> <span class='ocrx_word' id='word_1_115' title='bbox 733 931 866 970; x_wconf 83' lang='lat' dir='ltr'><strong>Sacramenti</strong></span> <span class='ocrx_word' id='word_1_116' title='bbox 879 932 937 971; x_wconf 89' lang='lat' dir='ltr'><strong>licita</strong></span> 
     </span>
     <span class='ocr_line' id='line_1_15' title="bbox 129 991 936 1040; baseline -0.004 -8"><span class='ocrx_word' id='word_1_117' title='bbox 129 1001 240 1039; x_wconf 84' lang='lat' dir='ltr'><strong>censetur,</strong></span> <span class='ocrx_word' id='word_1_118' title='bbox 257 995 276 1031; x_wconf 85' lang='lat' dir='ltr'><strong>si</strong></span> <span class='ocrx_word' id='word_1_119' title='bbox 290 993 435 1031; x_wconf 83' lang='lat' dir='ltr'><strong>administrato</strong></span> <span class='ocrx_word' id='word_1_120' title='bbox 454 992 591 1029; x_wconf 86' lang='lat' dir='ltr'><strong>Sacramento</strong></span> <span class='ocrx_word' id='word_1_121' title='bbox 609 991 721 1040; x_wconf 89' lang='lat' dir='ltr'><strong>positivum</strong></span> <span class='ocrx_word' id='word_1_122' title='bbox 737 991 760 1028; x_wconf 91' lang='lat' dir='ltr'><strong>de</strong></span> <span class='ocrx_word' id='word_1_123' title='bbox 773 993 817 1039; x_wconf 90' lang='lat' dir='ltr'><strong>ejus</strong></span> <span class='ocrx_word' id='word_1_124' title='bbox 830 992 936 1029; x_wconf 88' lang='lat' dir='ltr'><strong>validitate</strong></span> 
     </span>
     <span class='ocr_line' id='line_1_16' title="bbox 128 1051 956 1103; baseline -0.002 -12"><span class='ocrx_word' id='word_1_125' title='bbox 128 1054 211 1091; x_wconf 89' lang='lat' dir='ltr'><strong>dubium</strong></span> <span class='ocrx_word' id='word_1_126' title='bbox 223 1054 337 1091; x_wconf 84' lang='lat' dir='ltr'><strong>suboritur.</strong></span> <span class='ocrx_word' id='word_1_127' title='bbox 357 1053 394 1091; x_wconf 81' lang='lat' dir='ltr'><strong>Sic</strong></span> <span class='ocrx_word' id='word_1_128' title='bbox 408 1053 485 1089; x_wconf 90' lang='lat' dir='ltr'><strong>Petrus</strong></span> <span class='ocrx_word' id='word_1_129' title='bbox 497 1051 572 1095; x_wconf 79' lang='lat' dir='ltr'><strong>Callet,</strong></span> <span class='ocrx_word' id='word_1_130' title='bbox 585 1051 716 1089; x_wconf 86' lang='lat' dir='ltr'><strong>continuator</strong></span> <span class='ocrx_word' id='word_1_131' title='bbox 727 1052 828 1099; x_wconf 88' lang='lat' dir='ltr'><strong>praelect.</strong></span> <span class='ocrx_word' id='word_1_132' title='bbox 843 1052 935 1103; x_wconf 76' lang='lat' dir='ltr'><strong>theolog,</strong></span> <span class='ocrx_word' id='word_1_133' title='bbox 952 1062 956 1070; x_wconf 70' lang='lat'><strong><em>¹</em></strong></span> 
     </span>
     <span class='ocr_line' id='line_1_17' title="bbox 128 1111 937 1159; baseline -0.001 -8"><span class='ocrx_word' id='word_1_134' title='bbox 128 1114 247 1158; x_wconf 80' lang='lat' dir='ltr'><strong>Tournelii,</strong></span> <span class='ocrx_word' id='word_1_135' title='bbox 261 1114 299 1151; x_wconf 90' lang='lat' dir='ltr'><strong>ait:</strong></span> <span class='ocrx_word' id='word_1_136' title='bbox 313 1112 369 1150; x_wconf 89' lang='lat' dir='ltr'><strong>Usus</strong></span> <span class='ocrx_word' id='word_1_137' title='bbox 381 1113 462 1149; x_wconf 71' lang='lat' dir='ltr'><strong>ferratae</strong></span> <span class='ocrx_word' id='word_1_138' title='bbox 474 1117 510 1149; x_wconf 89' lang='lat' dir='ltr'><strong>aut</strong></span> <span class='ocrx_word' id='word_1_139' title='bbox 520 1111 589 1159; x_wconf 92' lang='lat' dir='ltr'><strong>potius</strong></span> <span class='ocrx_word' id='word_1_140' title='bbox 601 1111 722 1148; x_wconf 88' lang='lat' dir='ltr'><strong>intentionis</strong></span> <span class='ocrx_word' id='word_1_141' title='bbox 731 1111 884 1149; x_wconf 87' lang='lat' dir='ltr'><strong>conditionatae</strong></span> <span class='ocrx_word' id='word_1_142' title='bbox 896 1124 937 1150; x_wconf 89' lang='lat' dir='ltr'><strong>non</strong></span> 
     </span>
     <span class='ocr_line' id='line_1_18' title="bbox 128 1170 936 1224; baseline -0.001 -13"><span class='ocrx_word' id='word_1_143' title='bbox 128 1174 187 1212; x_wconf 88' lang='lat' dir='ltr'><strong>modo</strong></span> <span class='ocrx_word' id='word_1_144' title='bbox 200 1174 279 1224; x_wconf 80' lang='lat' dir='ltr'><strong>legitur</strong></span> <span class='ocrx_word' id='word_1_145' title='bbox 290 1172 363 1210; x_wconf 87' lang='lat' dir='ltr'><strong>nullibi</strong></span> <span class='ocrx_word' id='word_1_146' title='bbox 377 1171 508 1221; x_wconf 80' lang='lat' dir='ltr'><strong>prohibitus,</strong></span> <span class='ocrx_word' id='word_1_147' title='bbox 525 1170 563 1208; x_wconf 88' lang='lat' dir='ltr'><strong>sed</strong></span> <span class='ocrx_word' id='word_1_148' title='bbox 574 1171 719 1209; x_wconf 85' lang='lat' dir='ltr'><strong>timoratorum</strong></span> <span class='ocrx_word' id='word_1_149' title='bbox 737 1183 777 1210; x_wconf 90' lang='lat' dir='ltr'><strong>usu</strong></span> <span class='ocrx_word' id='word_1_150' title='bbox 791 1178 816 1210; x_wconf 70' lang='lat' dir='ltr'><strong>&#39;et</strong></span> <span class='ocrx_word' id='word_1_151' title='bbox 834 1171 936 1211; x_wconf 90' lang='lat' dir='ltr'><strong>ecclesiae</strong></span> 
     </span>
     <span class='ocr_line' id='line_1_19' title="bbox 127 1229 512 1285; baseline -0.008 -13"><span class='ocrx_word' id='word_1_152' title='bbox 127 1234 189 1285; x_wconf 78' lang='lat' dir='ltr'><strong>praui</strong></span> <span class='ocrx_word' id='word_1_153' title='bbox 199 1234 263 1273; x_wconf 84' lang='lat' dir='ltr'><strong>bodie</strong></span> <span class='ocrx_word' id='word_1_154' title='bbox 275 1233 327 1272; x_wconf 89' lang='lat' dir='ltr'><strong>satis</strong></span> <span class='ocrx_word' id='word_1_155' title='bbox 339 1233 435 1271; x_wconf 89' lang='lat' dir='ltr'><strong>firmatus</strong></span> <span class='ocrx_word' id='word_1_156' title='bbox 448 1229 512 1279; x_wconf 84' lang='lat' dir='ltr'><strong>est¹].</strong></span> 
     </span>
    </p>

    <p class='ocr_par' dir='ltr' id='par_1_4' title="bbox 127 1292 963 2565">
     <span class='ocr_line' id='line_1_20' title="bbox 202 1292 936 1344; baseline -0.003 -10"><span class='ocrx_word' id='word_1_157' title='bbox 202 1292 222 1334; x_wconf 85' lang='lat'><strong>3.</strong></span> <span class='ocrx_word' id='word_1_158' title='bbox 236 1295 261 1333; x_wconf 80' lang='lat' dir='ltr'><strong>st</strong></span> <span class='ocrx_word' id='word_1_159' title='bbox 272 1295 392 1344; x_wconf 87' lang='lat' dir='ltr'><strong>quaeritur,</strong></span> <span class='ocrx_word' id='word_1_160' title='bbox 412 1292 490 1343; x_wconf 86' lang='lat' dir='ltr'><strong>quando</strong></span> <span class='ocrx_word' id='word_1_161' title='bbox 504 1292 605 1330; x_wconf 88' lang='lat' dir='ltr'><strong>absolutio</strong></span> <span class='ocrx_word' id='word_1_162' title='bbox 624 1292 662 1330; x_wconf 90' lang='lat' dir='ltr'><strong>sub</strong></span> <span class='ocrx_word' id='word_1_163' title='bbox 681 1293 799 1331; x_wconf 82' lang='lat' dir='ltr'><strong>conditione</strong></span> <span class='ocrx_word' id='word_1_164' title='bbox 812 1294 878 1332; x_wconf 90' lang='lat' dir='ltr'><strong>danda</strong></span> <span class='ocrx_word' id='word_1_165' title='bbox 896 1295 936 1341; x_wconf 88' lang='lat' dir='ltr'><strong>sit,</strong></span> 
     </span>
     <span class='ocr_line' id='line_1_21' title="bbox 127 1353 937 1408; baseline 0.001 -14"><span class='ocrx_word' id='word_1_166' title='bbox 127 1356 204 1408; x_wconf 80' lang='lat' dir='ltr'><strong>regula</strong></span> <span class='ocrx_word' id='word_1_167' title='bbox 218 1355 317 1394; x_wconf 81' lang='lat' dir='ltr'><strong>statuitur</strong></span> <span class='ocrx_word' id='word_1_168' title='bbox 329 1366 429 1405; x_wconf 83' lang='lat' dir='ltr'><strong>sequens:</strong></span> <span class='ocrx_word' id='word_1_169' title='bbox 448 1355 507 1392; x_wconf 81' lang='lat' dir='ltr'><strong>Tunc</strong></span> <span class='ocrx_word' id='word_1_170' title='bbox 518 1353 627 1403; x_wconf 91' lang='lat' dir='ltr'><strong>poenitens</strong></span> <span class='ocrx_word' id='word_1_171' title='bbox 643 1354 784 1393; x_wconf 86' lang='lat' dir='ltr'><strong>conditionate</strong></span> <span class='ocrx_word' id='word_1_172' title='bbox 799 1355 937 1396; x_wconf 90' lang='lat' dir='ltr'><strong>absolvendus</strong></span> 
     </span>
     <span class='ocr_line' id='line_1_22' title="bbox 129 1411 937 1468; baseline 0.002 -12"><span class='ocrx_word' id='word_1_173' title='bbox 129 1424 172 1464; x_wconf 85' lang='lat' dir='ltr'><strong>est,</strong></span> <span class='ocrx_word' id='word_1_174' title='bbox 191 1411 270 1468; x_wconf 89' lang='lat' dir='ltr'><strong>quando</strong></span> <span class='ocrx_word' id='word_1_175' title='bbox 284 1416 428 1457; x_wconf 85' lang='lat' dir='ltr'><strong>confessarius</strong></span> <span class='ocrx_word' id='word_1_176' title='bbox 445 1415 535 1467; x_wconf 90' lang='lat' dir='ltr'><strong>positivo</strong></span> <span class='ocrx_word' id='word_1_177' title='bbox 548 1415 608 1455; x_wconf 91' lang='lat' dir='ltr'><strong>dubio</strong></span> <span class='ocrx_word' id='word_1_178' title='bbox 620 1422 715 1464; x_wconf 87' lang='lat' dir='ltr'><strong>tenetur,</strong></span> <span class='ocrx_word' id='word_1_179' title='bbox 735 1430 783 1456; x_wconf 90' lang='lat' dir='ltr'><strong>num</strong></span> <span class='ocrx_word' id='word_1_180' title='bbox 798 1418 937 1458; x_wconf 90' lang='lat' dir='ltr'><strong>absolvendus</strong></span> 
     </span>
     <span class='ocr_line' id='line_1_23' title="bbox 129 1478 937 1532; baseline 0.001 -13"><span class='ocrx_word' id='word_1_181' title='bbox 129 1493 195 1532; x_wconf 79' lang='lat' dir='ltr'><strong>capax</strong></span> <span class='ocrx_word' id='word_1_182' title='bbox 206 1480 309 1532; x_wconf 73' lang='lat' dir='ltr'><strong>dignusne</strong></span> <span class='ocrx_word' id='word_1_183' title='bbox 322 1480 359 1526; x_wconf 86' lang='lat' dir='ltr'><strong>sit,</strong></span> <span class='ocrx_word' id='word_1_184' title='bbox 378 1485 399 1517; x_wconf 88' lang='lat' dir='ltr'><strong>et</strong></span> <span class='ocrx_word' id='word_1_185' title='bbox 410 1479 428 1517; x_wconf 95' lang='lat' dir='ltr'><strong>si</strong></span> <span class='ocrx_word' id='word_1_186' title='bbox 440 1478 501 1517; x_wconf 92' lang='lat' dir='ltr'><strong>simul</strong></span> <span class='ocrx_word' id='word_1_187' title='bbox 514 1490 577 1517; x_wconf 90' lang='lat' dir='ltr'><strong>casus</strong></span> <span class='ocrx_word' id='word_1_188' title='bbox 589 1478 723 1526; x_wconf 83' lang='lat' dir='ltr'><strong>necessitatis</strong></span> <span class='ocrx_word' id='word_1_189' title='bbox 736 1480 887 1520; x_wconf 90' lang='lat' dir='ltr'><strong>absolutionem</strong></span> <span class='ocrx_word' id='word_1_190' title='bbox 900 1481 937 1520; x_wconf 86' lang='lat' dir='ltr'><strong>dif-</strong></span> 
     </span>
     <span class='ocr_line' id='line_1_24' title="bbox 128 1539 937 1593; baseline 0.001 -12"><span class='ocrx_word' id='word_1_191' title='bbox 128 1543 187 1582; x_wconf 85' lang='lat' dir='ltr'><strong>ferre</strong></span> <span class='ocrx_word' id='word_1_192' title='bbox 204 1542 312 1581; x_wconf 87' lang='lat' dir='ltr'><strong>disnadeat</strong></span> <span class='ocrx_word' id='word_1_193' title='bbox 324 1548 359 1580; x_wconf 89' lang='lat' dir='ltr'><strong>aut</strong></span> <span class='ocrx_word' id='word_1_194' title='bbox 372 1540 491 1591; x_wconf 86' lang='lat' dir='ltr'><strong>probibeat,</strong></span> <span class='ocrx_word' id='word_1_195' title='bbox 506 1539 613 1587; x_wconf 90' lang='lat' dir='ltr'><strong>videlicet,</strong></span> <span class='ocrx_word' id='word_1_196' title='bbox 632 1541 651 1579; x_wconf 90' lang='lat' dir='ltr'><strong>si</strong></span> <span class='ocrx_word' id='word_1_197' title='bbox 662 1548 740 1593; x_wconf 81' lang='lat' dir='ltr'><strong>urgeat</strong></span> <span class='ocrx_word' id='word_1_198' title='bbox 751 1542 868 1592; x_wconf 91' lang='lat' dir='ltr'><strong>periculum</strong></span> <span class='ocrx_word' id='word_1_199' title='bbox 882 1556 937 1582; x_wconf 90' lang='lat' dir='ltr'><strong>mor-</strong></span> 
     </span>
     <span class='ocr_line' id='line_1_25' title="bbox 130 1602 938 1653; baseline 0.001 -11"><span class='ocrx_word' id='word_1_200' title='bbox 130 1605 157 1642; x_wconf 91' lang='lat' dir='ltr'><strong>tis</strong></span> <span class='ocrx_word' id='word_1_201' title='bbox 162 1619 168 1651; x_wconf 84' lang='lat'>;</span> <span class='ocrx_word' id='word_1_202' title='bbox 180 1627 210 1632; x_wconf 87' lang='lat'><em>-</em></span> <span class='ocrx_word' id='word_1_203' title='bbox 222 1605 240 1643; x_wconf 88' lang='lat' dir='ltr'><strong>si</strong></span> <span class='ocrx_word' id='word_1_204' title='bbox 252 1617 278 1642; x_wconf 79' lang='lat' dir='ltr'><strong>ex</strong></span> <span class='ocrx_word' id='word_1_205' title='bbox 289 1603 419 1642; x_wconf 87' lang='lat' dir='ltr'><strong>absolutione</strong></span> <span class='ocrx_word' id='word_1_206' title='bbox 430 1614 471 1640; x_wconf 90' lang='lat' dir='ltr'><strong>nou</strong></span> <span class='ocrx_word' id='word_1_207' title='bbox 483 1602 537 1647; x_wconf 90' lang='lat' dir='ltr'><strong>data,</strong></span> <span class='ocrx_word' id='word_1_208' title='bbox 550 1603 656 1653; x_wconf 81' lang='lat' dir='ltr'><strong>gravioris</strong></span> <span class='ocrx_word' id='word_1_209' title='bbox 665 1602 818 1649; x_wconf 85' lang='lat' dir='ltr'><strong>diffamationis,</strong></span> <span class='ocrx_word' id='word_1_210' title='bbox 829 1605 864 1642; x_wconf 90' lang='lat' dir='ltr'><strong>vel</strong></span> <span class='ocrx_word' id='word_1_211' title='bbox 878 1618 938 1644; x_wconf 86' lang='lat' dir='ltr'><strong>scan-</strong></span> 
     </span>
     <span class='ocr_line' id='line_1_26' title="bbox 130 1663 938 1716; baseline 0.001 -12"><span class='ocrx_word' id='word_1_212' title='bbox 130 1665 171 1704; x_wconf 90' lang='lat' dir='ltr'><strong>dali</strong></span> <span class='ocrx_word' id='word_1_213' title='bbox 188 1666 221 1704; x_wconf 94' lang='lat' dir='ltr'><strong>vel</strong></span> <span class='ocrx_word' id='word_1_214' title='bbox 237 1665 306 1704; x_wconf 89' lang='lat' dir='ltr'><strong>damni</strong></span> <span class='ocrx_word' id='word_1_215' title='bbox 322 1676 362 1703; x_wconf 89' lang='lat' dir='ltr'><strong>non</strong></span> <span class='ocrx_word' id='word_1_216' title='bbox 374 1664 436 1702; x_wconf 89' lang='lat' dir='ltr'><strong>aliter</strong></span> <span class='ocrx_word' id='word_1_217' title='bbox 451 1675 512 1713; x_wconf 82' lang='lat' dir='ltr'><strong>quam</strong></span> <span class='ocrx_word' id='word_1_218' title='bbox 523 1675 561 1713; x_wconf 92' lang='lat' dir='ltr'><strong>per</strong></span> <span class='ocrx_word' id='word_1_219' title='bbox 579 1663 634 1702; x_wconf 90' lang='lat' dir='ltr'><strong>aliud</strong></span> <span class='ocrx_word' id='word_1_220' title='bbox 647 1670 757 1714; x_wconf 88' lang='lat' dir='ltr'><strong>peccatum</strong></span> <span class='ocrx_word' id='word_1_221' title='bbox 776 1668 839 1716; x_wconf 88' lang='lat' dir='ltr'><strong>(puta</strong></span> <span class='ocrx_word' id='word_1_222' title='bbox 854 1667 938 1705; x_wconf 90' lang='lat' dir='ltr'><strong>menda-</strong></span> 
     </span>
     <span class='ocr_line' id='line_1_27' title="bbox 131 1724 963 1778; baseline 0.001 -13"><span class='ocrx_word' id='word_1_223' title='bbox 131 1728 197 1775; x_wconf 86' lang='lat' dir='ltr'><strong>cium]</strong></span> <span class='ocrx_word' id='word_1_224' title='bbox 213 1726 380 1778; x_wconf 83' lang='lat' dir='ltr'><strong>effugiendorum</strong></span> <span class='ocrx_word' id='word_1_225' title='bbox 391 1725 508 1775; x_wconf 82' lang='lat' dir='ltr'><strong>periculum</strong></span> <span class='ocrx_word' id='word_1_226' title='bbox 523 1724 618 1771; x_wconf 80' lang='lat' dir='ltr'><strong>timetur3</strong></span> <span class='ocrx_word' id='word_1_227' title='bbox 636 1747 667 1754; x_wconf 76' lang='lat'>—</span> <span class='ocrx_word' id='word_1_228' title='bbox 681 1726 699 1763; x_wconf 89' lang='lat' dir='ltr'><strong>si</strong></span> <span class='ocrx_word' id='word_1_229' title='bbox 714 1738 740 1764; x_wconf 88' lang='lat' dir='ltr'><strong>ex</strong></span> <span class='ocrx_word' id='word_1_230' title='bbox 752 1727 854 1775; x_wconf 77' lang='lat' dir='ltr'><strong>adJunotis</strong></span> <span class='ocrx_word' id='word_1_231' title='bbox 874 1728 938 1777; x_wconf 88' lang='lat' dir='ltr'><strong>conji-</strong></span> <span class='ocrx_word' id='word_1_232' title='bbox 961 1730 963 1733; x_wconf 84' lang='lat'>&#39;</span> 
     </span>
     <span class='ocr_line' id='line_1_28' title="bbox 131 1785 938 1839; baseline 0.001 -13"><span class='ocrx_word' id='word_1_233' title='bbox 131 1800 180 1827; x_wconf 88' lang='lat' dir='ltr'><strong>cere</strong></span> <span class='ocrx_word' id='word_1_234' title='bbox 195 1788 254 1833; x_wconf 86' lang='lat' dir='ltr'><strong>licet,</strong></span> <span class='ocrx_word' id='word_1_235' title='bbox 272 1799 376 1837; x_wconf 85' lang='lat' dir='ltr'><strong>nunquam</strong></span> <span class='ocrx_word' id='word_1_236' title='bbox 387 1787 441 1831; x_wconf 83' lang='lat' dir='ltr'><strong>fore,</strong></span> <span class='ocrx_word' id='word_1_237' title='bbox 452 1792 476 1823; x_wconf 89' lang='lat' dir='ltr'><strong>ut</strong></span> <span class='ocrx_word' id='word_1_238' title='bbox 486 1798 546 1823; x_wconf 88' lang='lat' dir='ltr'><strong>omne</strong></span> <span class='ocrx_word' id='word_1_239' title='bbox 558 1785 641 1824; x_wconf 89' lang='lat' dir='ltr'><strong>dubium</strong></span> <span class='ocrx_word' id='word_1_240' title='bbox 660 1787 718 1825; x_wconf 91' lang='lat' dir='ltr'><strong>circa</strong></span> <span class='ocrx_word' id='word_1_241' title='bbox 729 1789 873 1827; x_wconf 89' lang='lat' dir='ltr'><strong>necessariam</strong></span> <span class='ocrx_word' id='word_1_242' title='bbox 890 1801 938 1839; x_wconf 88' lang='lat' dir='ltr'><strong>per·</strong></span> 
     </span>
     <span class='ocr_line' id='line_1_29' title="bbox 131 1847 938 1898; baseline 0.001 -11"><span class='ocrx_word' id='word_1_243' title='bbox 131 1861 193 1887; x_wconf 89' lang='lat' dir='ltr'><strong>sonae</strong></span> <span class='ocrx_word' id='word_1_244' title='bbox 212 1848 369 1898; x_wconf 86' lang='lat' dir='ltr'><strong>dispositionem</strong></span> <span class='ocrx_word' id='word_1_245' title='bbox 387 1847 450 1892; x_wconf 86' lang='lat' dir='ltr'><strong>absit,</strong></span> <span class='ocrx_word' id='word_1_246' title='bbox 469 1847 570 1896; x_wconf 85' lang='lat' dir='ltr'><strong>simulque</strong></span> <span class='ocrx_word' id='word_1_247' title='bbox 588 1847 660 1885; x_wconf 91' lang='lat' dir='ltr'><strong>durius</strong></span> <span class='ocrx_word' id='word_1_248' title='bbox 673 1848 713 1893; x_wconf 92' lang='lat' dir='ltr'><strong>sit,</strong></span> <span class='ocrx_word' id='word_1_249' title='bbox 727 1860 772 1886; x_wconf 92' lang='lat' dir='ltr'><strong>eum</strong></span> <span class='ocrx_word' id='word_1_250' title='bbox 785 1849 861 1887; x_wconf 88' lang='lat' dir='ltr'><strong>diutius</strong></span> <span class='ocrx_word' id='word_1_251' title='bbox 879 1850 938 1888; x_wconf 89' lang='lat' dir='ltr'><strong>abso-</strong></span> 
     </span>
     <span class='ocr_line' id='line_1_30' title="bbox 130 1907 939 1960; baseline 0 -12"><span class='ocrx_word' id='word_1_252' title='bbox 130 1910 215 1948; x_wconf 89' lang='lat' dir='ltr'><strong>lutionis</strong></span> <span class='ocrx_word' id='word_1_253' title='bbox 230 1909 312 1960; x_wconf 80' lang='lat' dir='ltr'><strong>gratia,</strong></span> <span class='ocrx_word' id='word_1_254' title='bbox 328 1910 393 1958; x_wconf 68' lang='lat' dir='ltr'><strong>cujus</strong></span> <span class='ocrx_word' id='word_1_255' title='bbox 410 1920 485 1959; x_wconf 66' lang='lat' dir='ltr'><strong>captia&gt;</strong></span> <span class='ocrx_word' id='word_1_256' title='bbox 498 1910 520 1945; x_wconf 81' lang='lat' dir='ltr'><strong>et</strong></span> <span class='ocrx_word' id='word_1_257' title='bbox 537 1907 615 1956; x_wconf 59' lang='lat' dir='ltr'><strong>dianus</strong></span> <span class='ocrx_word' id='word_1_258' title='bbox 632 1920 680 1946; x_wconf 82' lang='lat' dir='ltr'><strong>esse</strong></span> <span class='ocrx_word' id='word_1_259' title='bbox 695 1912 782 1960; x_wconf 74' lang='lat' dir='ltr'><strong>possit,</strong></span> <span class='ocrx_word' id='word_1_260' title='bbox 802 1910 893 1959; x_wconf 90' lang='lat' dir='ltr'><strong>privare.</strong></span> <span class='ocrx_word' id='word_1_261' title='bbox 909 1934 939 1940; x_wconf 92' lang='lat'>-</span> 
     </span>
     <span class='ocr_line' id='line_1_31' title="bbox 132 1968 939 2021; baseline 0.002 -13"><span class='ocrx_word' id='word_1_262' title='bbox 132 1970 169 2009; x_wconf 84' lang='lat' dir='ltr'><strong>Sic</strong></span> <span class='ocrx_word' id='word_1_263' title='bbox 185 1970 320 2008; x_wconf 82' lang='lat' dir='ltr'><strong>absolutionis</strong></span> <span class='ocrx_word' id='word_1_264' title='bbox 337 1969 406 2007; x_wconf 81' lang='lat' dir='ltr'><strong>forma</strong></span> <span class='ocrx_word' id='word_1_265' title='bbox 424 1968 563 2007; x_wconf 87' lang='lat' dir='ltr'><strong>conditionata</strong></span> <span class='ocrx_word' id='word_1_266' title='bbox 577 1968 676 2006; x_wconf 87' lang='lat' dir='ltr'><strong>utendum</strong></span> <span class='ocrx_word' id='word_1_267' title='bbox 694 1981 742 2007; x_wconf 87' lang='lat' dir='ltr'><strong>esse</strong></span> <span class='ocrx_word' id='word_1_268' title='bbox 759 1971 902 2021; x_wconf 88' lang='lat' dir='ltr'><strong>praecipiunt,</strong></span> <span class='ocrx_word' id='word_1_269' title='bbox 920 1972 939 2010; x_wconf 93' lang='lat' dir='ltr'><strong>si</strong></span> 
     </span>
     <span class='ocr_line' id='line_1_32' title="bbox 131 2029 941 2080; baseline 0.004 -12"><span class='ocrx_word' id='word_1_270' title='bbox 131 2030 276 2069; x_wconf 87' lang='lat' dir='ltr'><strong>confessarius</strong></span> <span class='ocrx_word' id='word_1_271' title='bbox 287 2030 401 2080; x_wconf 89' lang='lat' dir='ltr'><strong>prudenter</strong></span> <span class='ocrx_word' id='word_1_272' title='bbox 413 2029 499 2075; x_wconf 88' lang='lat' dir='ltr'><strong>dubitet,</strong></span> <span class='ocrx_word' id='word_1_273' title='bbox 512 2041 537 2067; x_wconf 92' lang='lat' dir='ltr'><strong>an</strong></span> <span class='ocrx_word' id='word_1_274' title='bbox 544 2029 679 2068; x_wconf 86' lang='lat' dir='ltr'><strong>moribundus</strong></span> <span class='ocrx_word' id='word_1_275' title='bbox 686 2030 744 2069; x_wconf 88' lang='lat' dir='ltr'><strong>vivat</strong></span> <span class='ocrx_word' id='word_1_276' title='bbox 754 2032 788 2068; x_wconf 95' lang='lat' dir='ltr'><strong>vel</strong></span> <span class='ocrx_word' id='word_1_277' title='bbox 800 2032 877 2070; x_wconf 88' lang='lat' dir='ltr'><strong>sentiat</strong></span> <span class='ocrx_word' id='word_1_278' title='bbox 883 2047 889 2079; x_wconf 70' lang='grc' dir='ltr'>ς</span> <span class='ocrx_word' id='word_1_279' title='bbox 905 2039 941 2071; x_wconf 87' lang='lat' dir='ltr'><strong>aut</strong></span> 
     </span>
     <span class='ocr_line' id='line_1_33' title="bbox 131 2090 939 2141; baseline 0.004 -12"><span class='ocrx_word' id='word_1_280' title='bbox 131 2104 156 2129; x_wconf 88' lang='lat' dir='ltr'><strong>an</strong></span> <span class='ocrx_word' id='word_1_281' title='bbox 169 2092 197 2129; x_wconf 88' lang='lat' dir='ltr'><strong>sit</strong></span> <span class='ocrx_word' id='word_1_282' title='bbox 208 2092 249 2128; x_wconf 86' lang='lat' dir='ltr'><strong>rite</strong></span> <span class='ocrx_word' id='word_1_283' title='bbox 264 2091 393 2140; x_wconf 87' lang='lat' dir='ltr'><strong>dispositus,</strong></span> <span class='ocrx_word' id='word_1_284' title='bbox 404 2102 424 2127; x_wconf 93' lang='lat' dir='ltr'><strong>v.</strong></span> <span class='ocrx_word' id='word_1_285' title='bbox 437 2103 457 2141; x_wconf 84' lang='lat' dir='ltr'><strong>g.</strong></span> <span class='ocrx_word' id='word_1_286' title='bbox 471 2102 518 2128; x_wconf 87' lang='lat' dir='ltr'><strong>cum</strong></span> <span class='ocrx_word' id='word_1_287' title='bbox 529 2091 601 2140; x_wconf 91' lang='lat' dir='ltr'><strong>sponsi</strong></span> <span class='ocrx_word' id='word_1_288' title='bbox 619 2090 744 2129; x_wconf 87' lang='lat' dir='ltr'><strong>confitentur</strong></span> <span class='ocrx_word' id='word_1_289' title='bbox 758 2091 876 2132; x_wconf 88' lang='lat' dir='ltr'><strong>immediate</strong></span> <span class='ocrx_word' id='word_1_290' title='bbox 892 2099 939 2132; x_wconf 89' lang='lat' dir='ltr'><strong>ante</strong></span> 
     </span>
     <span class='ocr_line' id='line_1_34' title="bbox 131 2151 939 2205; baseline 0.002 -15"><span class='ocrx_word' id='word_1_291' title='bbox 131 2151 286 2202; x_wconf 87' lang='lat' dir='ltr'><strong>suscipiendum</strong></span> <span class='ocrx_word' id='word_1_292' title='bbox 299 2151 460 2190; x_wconf 82' lang='lat' dir='ltr'><strong>Sacramentum</strong></span> <span class='ocrx_word' id='word_1_293' title='bbox 471 2152 610 2197; x_wconf 85' lang='lat' dir='ltr'><strong>matrimonii,</strong></span> <span class='ocrx_word' id='word_1_294' title='bbox 630 2154 663 2190; x_wconf 92' lang='lat' dir='ltr'><strong>vel</strong></span> <span class='ocrx_word' id='word_1_295' title='bbox 676 2154 787 2191; x_wconf 87' lang='lat' dir='ltr'><strong>confitetur</strong></span> <span class='ocrx_word' id='word_1_296' title='bbox 798 2166 860 2203; x_wconf 88' lang='lat' dir='ltr'><strong>puer,</strong></span> <span class='ocrx_word' id='word_1_297' title='bbox 880 2167 939 2205; x_wconf 81' lang='lat' dir='ltr'><strong>quem</strong></span> 
     </span>
     <span class='ocr_line' id='line_1_35' title="bbox 130 2212 941 2264; baseline 0.002 -13"><span class='ocrx_word' id='word_1_298' title='bbox 130 2220 191 2264; x_wconf 90' lang='lat' dir='ltr'><strong>pater</strong></span> <span class='ocrx_word' id='word_1_299' title='bbox 202 2225 275 2251; x_wconf 85' lang='lat' dir='ltr'><strong>secum</strong></span> <span class='ocrx_word' id='word_1_300' title='bbox 286 2213 312 2251; x_wconf 89' lang='lat' dir='ltr'><strong>ad</strong></span> <span class='ocrx_word' id='word_1_301' title='bbox 324 2212 346 2250; x_wconf 81' lang='lat' dir='ltr'><strong>S.</strong></span> <span class='ocrx_word' id='word_1_302' title='bbox 360 2212 463 2250; x_wconf 81' lang='lat' dir='ltr'><strong>Tribunal</strong></span> <span class='ocrx_word' id='word_1_303' title='bbox 474 2212 542 2256; x_wconf 79' lang='lat' dir='ltr'><strong>duxit,</strong></span> <span class='ocrx_word' id='word_1_304' title='bbox 559 2213 594 2250; x_wconf 89' lang='lat' dir='ltr'><strong>vel</strong></span> <span class='ocrx_word' id='word_1_305' title='bbox 607 2212 667 2251; x_wconf 89' lang='lat' dir='ltr'><strong>unica</strong></span> <span class='ocrx_word' id='word_1_306' title='bbox 677 2224 778 2262; x_wconf 88' lang='lat' dir='ltr'><strong>persona,</strong></span> <span class='ocrx_word' id='word_1_307' title='bbox 794 2227 846 2264; x_wconf 87' lang='lat' dir='ltr'><strong>quae</strong></span> <span class='ocrx_word' id='word_1_308' title='bbox 857 2216 941 2253; x_wconf 90' lang='lat' dir='ltr'><strong>scilicet</strong></span> 
     </span>
     <span class='ocr_line' id='line_1_36' title="bbox 129 2273 939 2322; baseline 0.002 -11"><span class='ocrx_word' id='word_1_309' title='bbox 129 2274 186 2312; x_wconf 89' lang='lat' dir='ltr'><strong>illico</strong></span> <span class='ocrx_word' id='word_1_310' title='bbox 198 2280 245 2322; x_wconf 88' lang='lat' dir='ltr'><strong>post</strong></span> <span class='ocrx_word' id='word_1_311' title='bbox 257 2273 411 2311; x_wconf 82' lang='lat' dir='ltr'><strong>confessionem</strong></span> <span class='ocrx_word' id='word_1_312' title='bbox 423 2273 448 2310; x_wconf 92' lang='lat' dir='ltr'><strong>ad</strong></span> <span class='ocrx_word' id='word_1_313' title='bbox 460 2273 624 2311; x_wconf 87' lang='lat' dir='ltr'><strong>communionem</strong></span> <span class='ocrx_word' id='word_1_314' title='bbox 635 2274 712 2312; x_wconf 90' lang='lat' dir='ltr'><strong>ituram</strong></span> <span class='ocrx_word' id='word_1_315' title='bbox 724 2286 772 2312; x_wconf 90' lang='lat' dir='ltr'><strong>esse</strong></span> <span class='ocrx_word' id='word_1_316' title='bbox 785 2276 873 2314; x_wconf 89' lang='lat' dir='ltr'><strong>aedituis</strong></span> <span class='ocrx_word' id='word_1_317' title='bbox 888 2282 939 2313; x_wconf 87' lang='lat' dir='ltr'><strong>tem-</strong></span> 
     </span>
     <span class='ocr_line' id='line_1_37' title="bbox 130 2334 939 2384; baseline 0.002 -13"><span class='ocrx_word' id='word_1_318' title='bbox 130 2335 159 2384; x_wconf 92' lang='lat' dir='ltr'><strong>pli</strong></span> <span class='ocrx_word' id='word_1_319' title='bbox 171 2335 294 2379; x_wconf 84' lang='lat' dir='ltr'><strong>declaravit,</strong></span> <span class='ocrx_word' id='word_1_320' title='bbox 308 2341 328 2372; x_wconf 94' lang='lat' dir='ltr'><strong>et</strong></span> <span class='ocrx_word' id='word_1_321' title='bbox 339 2334 401 2371; x_wconf 87' lang='lat' dir='ltr'><strong>simul</strong></span> <span class='ocrx_word' id='word_1_322' title='bbox 412 2346 438 2371; x_wconf 90' lang='lat' dir='ltr'><strong>ex</strong></span> <span class='ocrx_word' id='word_1_323' title='bbox 450 2345 490 2371; x_wconf 89' lang='lat' dir='ltr'><strong>non</strong></span> <span class='ocrx_word' id='word_1_324' title='bbox 501 2334 616 2383; x_wconf 85' lang='lat' dir='ltr'><strong>impertita,</strong></span> <span class='ocrx_word' id='word_1_325' title='bbox 636 2335 660 2371; x_wconf 92' lang='lat' dir='ltr'><strong>ob</strong></span> <span class='ocrx_word' id='word_1_326' title='bbox 671 2335 763 2384; x_wconf 88' lang='lat' dir='ltr'><strong>prudens</strong></span> <span class='ocrx_word' id='word_1_327' title='bbox 778 2336 802 2373; x_wconf 89' lang='lat' dir='ltr'><strong>de</strong></span> <span class='ocrx_word' id='word_1_328' title='bbox 820 2348 892 2373; x_wconf 86' lang='lat' dir='ltr'><strong>eorum</strong></span> <span class='ocrx_word' id='word_1_329' title='bbox 910 2336 939 2374; x_wconf 94' lang='lat' dir='ltr'><strong>di-</strong></span> 
     </span>
     <span class='ocr_line' id='line_1_38' title="bbox 131 2394 939 2446; baseline 0.005 -15"><span class='ocrx_word' id='word_1_330' title='bbox 131 2394 212 2445; x_wconf 81' lang='lat' dir='ltr'><strong>gnitate</strong></span> <span class='ocrx_word' id='word_1_331' title='bbox 225 2394 317 2440; x_wconf 88' lang='lat' dir='ltr'><strong>dubium,</strong></span> <span class='ocrx_word' id='word_1_332' title='bbox 333 2395 474 2440; x_wconf 86' lang='lat' dir='ltr'><strong>absolutione,</strong></span> <span class='ocrx_word' id='word_1_333' title='bbox 488 2395 605 2443; x_wconf 89' lang='lat' dir='ltr'><strong>periculum</strong></span> <span class='ocrx_word' id='word_1_334' title='bbox 620 2395 767 2433; x_wconf 86' lang='lat' dir='ltr'><strong>diffamationis</strong></span> <span class='ocrx_word' id='word_1_335' title='bbox 779 2397 852 2446; x_wconf 80' lang='lat' dir='ltr'><strong>gravis</strong></span> <span class='ocrx_word' id='word_1_336' title='bbox 863 2397 928 2435; x_wconf 91' lang='lat' dir='ltr'><strong>instat</strong></span> <span class='ocrx_word' id='word_1_337' title='bbox 933 2411 939 2443; x_wconf 84' lang='lat'>3</span> 
     </span>
     <span class='ocr_line' id='line_1_39' title="bbox 130 2455 939 2507; baseline 0.004 -15"><span class='ocrx_word' id='word_1_338' title='bbox 130 2456 164 2492; x_wconf 91' lang='lat' dir='ltr'><strong>vel</strong></span> <span class='ocrx_word' id='word_1_339' title='bbox 179 2467 226 2493; x_wconf 90' lang='lat' dir='ltr'><strong>cum</strong></span> <span class='ocrx_word' id='word_1_340' title='bbox 242 2455 356 2493; x_wconf 89' lang='lat' dir='ltr'><strong>dubitatur:</strong></span> <span class='ocrx_word' id='word_1_341' title='bbox 375 2468 400 2493; x_wconf 93' lang='lat' dir='ltr'><strong>an</strong></span> <span class='ocrx_word' id='word_1_342' title='bbox 418 2468 470 2504; x_wconf 91' lang='lat' dir='ltr'><strong>puer</strong></span> <span class='ocrx_word' id='word_1_343' title='bbox 484 2456 519 2492; x_wconf 92' lang='lat' dir='ltr'><strong>vel</strong></span> <span class='ocrx_word' id='word_1_344' title='bbox 534 2455 670 2493; x_wconf 88' lang='lat' dir='ltr'><strong>semisfatuus</strong></span> <span class='ocrx_word' id='word_1_345' title='bbox 689 2456 731 2492; x_wconf 91' lang='lat' dir='ltr'><strong>sint</strong></span> <span class='ocrx_word' id='word_1_346' title='bbox 751 2456 792 2494; x_wconf 86' lang='lat' dir='ltr'><strong>rite</strong></span> <span class='ocrx_word' id='word_1_347' title='bbox 808 2458 939 2507; x_wconf 85' lang='lat' dir='ltr'><strong>praeparati,</strong></span> 
     </span>
     <span class='ocr_line' id='line_1_40' title="bbox 131 2515 914 2565; baseline 0 -12"><span class='ocrx_word' id='word_1_348' title='bbox 131 2516 257 2564; x_wconf 87' lang='lat' dir='ltr'><strong>praesertim</strong></span> <span class='ocrx_word' id='word_1_349' title='bbox 269 2516 289 2552; x_wconf 94' lang='lat' dir='ltr'><strong>in</strong></span> <span class='ocrx_word' id='word_1_350' title='bbox 301 2516 394 2565; x_wconf 88' lang='lat' dir='ltr'><strong>periculo</strong></span> <span class='ocrx_word' id='word_1_351' title='bbox 406 2516 494 2560; x_wconf 89' lang='lat' dir='ltr'><strong>mortis,</strong></span> <span class='ocrx_word' id='word_1_352' title='bbox 508 2521 528 2552; x_wconf 91' lang='lat' dir='ltr'><strong>et</strong></span> <span class='ocrx_word' id='word_1_353' title='bbox 539 2521 632 2564; x_wconf 87' lang='lat' dir='ltr'><strong>tempore</strong></span> <span class='ocrx_word' id='word_1_354' title='bbox 643 2515 744 2565; x_wconf 80' lang='lat' dir='ltr'><strong>paschali.</strong></span> <span class='ocrx_word' id='word_1_355' title='bbox 911 2518 914 2523; x_wconf 86' lang='lat'>&#39;</span> 
     </span>
    </p>

    <p class='ocr_par' dir='ltr' id='par_1_5' title="bbox 131 2573 940 2684">
     <span class='ocr_line' id='line_1_41' title="bbox 152 2573 940 2622; baseline 0.001 -8"><span class='ocrx_word' id='word_1_356' title='bbox 152 2577 154 2580; x_wconf 82' lang='lat'>&#39;</span> <span class='ocrx_word' id='word_1_357' title='bbox 204 2573 225 2614; x_wconf 84' lang='grc'><strong>4.</strong></span> <span class='ocrx_word' id='word_1_358' title='bbox 238 2576 322 2621; x_wconf 76' lang='lat' dir='ltr'><strong>Utrum,</strong></span> <span class='ocrx_word' id='word_1_359' title='bbox 342 2575 359 2612; x_wconf 89' lang='lat' dir='ltr'><strong>si</strong></span> <span class='ocrx_word' id='word_1_360' title='bbox 372 2575 474 2612; x_wconf 90' lang='lat' dir='ltr'><strong>absolutio</strong></span> <span class='ocrx_word' id='word_1_361' title='bbox 493 2575 530 2613; x_wconf 88' lang='lat' dir='ltr'><strong>sub</strong></span> <span class='ocrx_word' id='word_1_362' title='bbox 543 2575 659 2614; x_wconf 89' lang='lat' dir='ltr'><strong>conditione</strong></span> <span class='ocrx_word' id='word_1_363' title='bbox 671 2577 746 2622; x_wconf 81' lang='lat' dir='ltr'><strong>datur,</strong></span> <span class='ocrx_word' id='word_1_364' title='bbox 764 2577 854 2615; x_wconf 92' lang='lat' dir='ltr'><strong>conditio</strong></span> <span class='ocrx_word' id='word_1_365' title='bbox 867 2578 940 2616; x_wconf 87' lang='lat' dir='ltr'><strong>verbis</strong></span> 
     </span>
     <span class='ocr_line' id='line_1_42' title="bbox 131 2635 939 2684; baseline 0.002 -11"><span class='ocrx_word' id='word_1_366' title='bbox 131 2636 151 2673; x_wconf 90' lang='lat' dir='ltr'><strong>in</strong></span> <span class='ocrx_word' id='word_1_367' title='bbox 164 2635 232 2673; x_wconf 81' lang='lat' dir='ltr'><strong>forma</strong></span> <span class='ocrx_word' id='word_1_368' title='bbox 243 2636 381 2674; x_wconf 88' lang='lat' dir='ltr'><strong>absolutionis</strong></span> <span class='ocrx_word' id='word_1_369' title='bbox 394 2636 482 2684; x_wconf 85' lang='lat' dir='ltr'><strong>exprimi</strong></span> <span class='ocrx_word' id='word_1_370' title='bbox 493 2636 579 2681; x_wconf 82' lang='lat' dir='ltr'><strong>debeat,</strong></span> <span class='ocrx_word' id='word_1_371' title='bbox 595 2649 620 2674; x_wconf 89' lang='lat' dir='ltr'><strong>an</strong></span> <span class='ocrx_word' id='word_1_372' title='bbox 632 2649 683 2674; x_wconf 84' lang='lat' dir='ltr'><strong>vero</strong></span> <span class='ocrx_word' id='word_1_373' title='bbox 695 2637 798 2682; x_wconf 86' lang='lat' dir='ltr'><strong>sufficiat,</strong></span> <span class='ocrx_word' id='word_1_374' title='bbox 814 2649 860 2676; x_wconf 86' lang='lat' dir='ltr'><strong>eam</strong></span> <span class='ocrx_word' id='word_1_375' title='bbox 871 2644 939 2676; x_wconf 86' lang='lat' dir='ltr'><strong>mente</strong></span> 
     </span>
    </p>
   </div>
   <div class='ocr_carea' id='block_1_3' title="bbox 135 2729 332 2738">
    <p class='ocr_par' dir='ltr' id='par_1_6' title="bbox 135 2729 332 2738">
     <span class='ocr_line' id='line_1_43' title="bbox 135 2729 332 2738; baseline 0.01 -2"><span class='ocrx_word' id='word_1_376' title='bbox 135 2729 332 2738; x_wconf 75' lang='lat'><em>——---.-.—.</em></span> 
     </span>
    </p>
   </div>
   <div class='ocr_carea' id='block_1_4' title="bbox 155 2776 940 2928">
    <p class='ocr_par' dir='ltr' id='par_1_7' title="bbox 155 2776 940 2928">
     <span class='ocr_line' id='line_1_44' title="bbox 155 2776 938 2820; baseline 0.009 -12"><span class='ocrx_word' id='word_1_377' title='bbox 155 2778 171 2817; x_wconf 77' lang='lat'><strong>¹)</strong></span> <span class='ocrx_word' id='word_1_378' title='bbox 182 2777 237 2809; x_wconf 81' lang='lat' dir='ltr'><strong>Toui.</strong></span> <span class='ocrx_word' id='word_1_379' title='bbox 246 2776 277 2809; x_wconf 92' lang='lat' dir='ltr'><strong>lV.</strong></span> <span class='ocrx_word' id='word_1_380' title='bbox 287 2785 305 2819; x_wconf 93' lang='lat' dir='ltr'><strong>p.</strong></span> <span class='ocrx_word' id='word_1_381' title='bbox 317 2779 357 2810; x_wconf 87' lang='lat'><strong>138.</strong></span> <span class='ocrx_word' id='word_1_382' title='bbox 373 2776 424 2811; x_wconf 82' lang='lat' dir='ltr'><strong>Edit.</strong></span> <span class='ocrx_word' id='word_1_383' title='bbox 441 2776 510 2810; x_wconf 87' lang='lat' dir='ltr'><strong>Venet.</strong></span> <span class='ocrx_word' id='word_1_384' title='bbox 520 2796 542 2802; x_wconf 87' lang='lat'><strong>—-</strong></span> <span class='ocrx_word' id='word_1_385' title='bbox 551 2779 590 2815; x_wconf 80' lang='lat' dir='ltr'><strong>Cfr.</strong></span> <span class='ocrx_word' id='word_1_386' title='bbox 605 2779 689 2813; x_wconf 84' lang='lat' dir='ltr'><strong>Gerson.</strong></span> <span class='ocrx_word' id='word_1_387' title='bbox 704 2780 723 2812; x_wconf 88' lang='lat' dir='ltr'><strong>in</strong></span> <span class='ocrx_word' id='word_1_388' title='bbox 729 2781 802 2820; x_wconf 69' lang='lat' dir='ltr'><strong>,Tract</strong></span> <span class='ocrx_word' id='word_1_389' title='bbox 817 2780 841 2813; x_wconf 86' lang='lat' dir='ltr'><strong>de</strong></span> <span class='ocrx_word' id='word_1_390' title='bbox 854 2780 938 2815; x_wconf 86' lang='lat' dir='ltr'><strong>Schism.</strong></span> 
     </span>
     <span class='ocr_line' id='line_1_45' title="bbox 181 2825 940 2868; baseline 0.011 -12"><span class='ocrx_word' id='word_1_391' title='bbox 181 2828 226 2857; x_wconf 88' lang='lat' dir='ltr'><strong>tom.</strong></span> <span class='ocrx_word' id='word_1_392' title='bbox 236 2825 260 2857; x_wconf 89' lang='lat' dir='ltr'><strong>ll.</strong></span> <span class='ocrx_word' id='word_1_393' title='bbox 271 2833 289 2867; x_wconf 89' lang='lat' dir='ltr'><strong>p.</strong></span> <span class='ocrx_word' id='word_1_394' title='bbox 300 2826 329 2857; x_wconf 87' lang='lat'><strong>79.</strong></span> <span class='ocrx_word' id='word_1_395' title='bbox 339 2825 449 2858; x_wconf 76' lang='lat' dir='ltr'><strong>Povvondra</strong></span> <span class='ocrx_word' id='word_1_396' title='bbox 458 2826 525 2858; x_wconf 84' lang='lat' dir='ltr'><strong>Theoi.</strong></span> <span class='ocrx_word' id='word_1_397' title='bbox 536 2831 586 2868; x_wconf 85' lang='lat' dir='ltr'><strong>past.</strong></span> <span class='ocrx_word' id='word_1_398' title='bbox 596 2831 642 2861; x_wconf 84' lang='lat' dir='ltr'><strong>tom.</strong></span> <span class='ocrx_word' id='word_1_399' title='bbox 652 2828 676 2861; x_wconf 88' lang='lat' dir='ltr'><strong>V.</strong></span> <span class='ocrx_word' id='word_1_400' title='bbox 686 2827 760 2862; x_wconf 81' lang='lat' dir='ltr'><strong>Ko&#39;hler</strong></span> <span class='ocrx_word' id='word_1_401' title='bbox 771 2829 896 2863; x_wconf 83' lang='lat' dir='ltr'><strong>Beichtstuhl</strong></span> <span class='ocrx_word' id='word_1_402' title='bbox 908 2831 940 2864; x_wconf 76' lang='lat' dir='ltr'><strong>fiir</strong></span> 
     </span>
     <span class='ocr_line' id='line_1_46' title="bbox 180 2872 584 2928; baseline 0 -20"><span class='ocrx_word' id='word_1_403' title='bbox 180 2872 304 2919; x_wconf 75' lang='lat' dir='ltr'><strong>Seelsorger.</strong></span> <span class='ocrx_word' id='word_1_404' title='bbox 314 2874 331 2906; x_wconf 93' lang='lat' dir='ltr'><strong>ll</strong></span> <span class='ocrx_word' id='word_1_405' title='bbox 341 2874 383 2909; x_wconf 85' lang='lat' dir='ltr'><strong>.Tb.</strong></span> <span class='ocrx_word' id='word_1_406' title='bbox 393 2884 412 2918; x_wconf 92' lang='lat' dir='ltr'><strong>p.</strong></span> <span class='ocrx_word' id='word_1_407' title='bbox 422 2875 463 2928; x_wconf 46' lang='lat'><strong>135.</strong></span> <span class='ocrx_word' id='word_1_408' title='bbox 473 2875 505 2907; x_wconf 85' lang='lat' dir='ltr'><strong>lV.</strong></span> <span class='ocrx_word' id='word_1_409' title='bbox 516 2874 584 2917; x_wconf 83' lang='lat' dir='ltr'><strong>Regel.</strong></span> 
     </span>
    </p>
   </div>
   <div class='ocr_carea' id='block_1_5' title="bbox 0 0 1038 3193">
    <p class='ocr_par' dir='ltr' id='par_1_8' title="bbox 0 0 1038 3193">
     <span class='ocr_line' id='line_1_47' title="bbox 0 0 1038 3193; baseline 0 0"><span class='ocrx_word' id='word_1_410' title='bbox 0 0 1038 3193; x_wconf 95' lang='lat' dir='ltr'><strong> </strong></span> 
     </span>
    </p>
   </div>
  </div>
 </body>
</html>
