2056 3193
154 70 198 113 106

153 186 208 225 niter
221 186 402 239 contingentibus,
421 191 481 235 atque
501 198 525 223 ex
537 185 706 235 praedominante
725 188 808 225 illorum
826 188 894 226 indole
911 200 959 235 pru-

154 249 205 286 dens
217 247 342 297 praesumtio
355 246 430 282 inferri
441 252 518 295 potest.
532 246 619 285 Scilicet
627 245 660 295 qui
668 248 786 295 generatim
801 249 825 286 ab
834 248 888 286 omni
900 249 960 300 gravi

155 315 240 360 peccato
253 309 335 346 sincere
348 306 459 352 abhorret,
479 314 498 345 et
515 308 601 356 insuper
613 319 662 343 suas
679 308 823 347 coufessiones
844 311 884 348 rite
901 310 960 347 insti-

154 378 214 409 tuere
233 368 325 419 satagit,
343 368 376 405 vel
388 375 485 418 quantum
499 368 522 406 ad
534 368 597 405 vitam
609 367 759 416 praeteritam,
777 381 853 420 magna
868 384 913 410 eum
932 370 960 407 di-

155 429 241 481 ligentia
254 428 407 466 confessionem
427 430 546 480 generalem
558 428 653 477 peregit,
671 427 730 475 hujus
743 430 829 478 generis
849 431 909 469 dubia
920 431 960 469 nisi

155 490 207 528 ratio
223 489 393 538 praeponderans
411 490 431 526 in
451 489 565 537 oppositum
584 495 675 536 premat,
696 488 809 537 prudenter
828 499 961 529 contemnere

155 555 231 599 potest.
253 549 464 588 Astcontrariumin
486 549 512 585 iis
531 548 622 592 obtinet,
639 549 672 586 vel
688 548 721 598 qui
737 549 866 588 inmortalia
883 552 961 600 passim

154 610 274 648 consentire
287 612 368 655 solent:
382 611 415 647 uel
427 616 514 657 peccata
530 609 641 646 commissa
654 610 730 658 absque
743 609 811 646 debita
823 623 906 660 semper
918 613 961 650 dili·

154 670 226 722 gentia
239 671 343 715 confiteri,
360 672 393 707 vel
405 670 485 707 omnino
498 670 597 719 quaedam
610 669 726 707 voluntarie
739 670 835 708 omittere
848 684 966 711 consuere·

155 737 213 776 rant,
231 732 278 782 quin
301 732 338 768 hos
361 731 455 768 defectus
483 742 519 780 per
544 731 665 781 generalem
684 731 838 769 confessionem
855 731 963 784 hucusque

155 792 315 843 reintegrarint.
335 792 398 829 Tales
411 791 493 828 etiamsi
511 791 536 828 de
547 804 587 828 uno
607 792 699 828 alterove
717 798 804 840 peccato
822 795 962 831 tantummodo

155 853 251 891 dubitare
262 852 379 897 videantur,
391 853 567 901 praesumtionem
575 858 642 890 tamen
651 859 684 891 sat
696 852 782 891 solidam
796 859 869 891 contra
881 866 903 892 se
916 867 962 892 sus-

155 915 213 952 tinet.
230 915 271 952 Pro
287 914 328 951 illis
346 920 414 951 tamen
437 914 531 959 casibus,
549 914 583 951 nbi
603 927 668 965 neque
687 914 735 952 talis
752 915 879 965 praesumtio
895 916 963 954 locum

157 977 228 1021 habet,
245 976 297 1015 haec
310 976 440 1025 subjicimus:
454 978 476 1023 a]
490 975 529 1024 Qui
540 976 653 1025 prudenter
666 977 757 1022 dubitat,
775 983 843 1015 utrum
854 984 962 1028 peecatum

157 1051 236 1092 grave,
254 1051 265 1076 a
277 1050 299 1076 se
312 1039 360 1076 olim
380 1038 523 1083 commissum,
540 1038 581 1076 rite
594 1038 704 1077 confessus
717 1039 790 1085 fuerit,
808 1039 832 1077 ad
849 1039 963 1078 confessio-

157 1113 202 1139 nem
214 1106 312 1146 teuetur;
329 1106 371 1138 tum
384 1101 437 1138 enim
449 1101 484 1138 lex
496 1100 559 1138 estin
571 1100 713 1149 possessione.
730 1101 755 1148 b)
767 1101 878 1147 Dubitaus,
895 1108 963 1140 utrum

157 1168 264 1214 peccatum
283 1174 334 1200 rere
346 1162 422 1199 lethale
436 1162 579 1207 commiserit,
598 1175 622 1200 ex
635 1162 739 1200 sententia
754 1170 787 1200 sat
804 1164 907 1202 communi
924 1176 963 1201 non

158 1231 240 1263 tenetur
251 1224 301 1262 illud
320 1223 425 1268 confiteri,
443 1230 534 1261 attamen
548 1224 663 1262 consultius
682 1230 740 1262 certc
758 1225 823 1262 faciet
837 1225 887 1263 illud
902 1229 964 1275 expo·

156 1286 234 1331 nendo;
253 1285 274 1323 id
287 1286 339 1335 quod
354 1286 416 1323 etiam
428 1286 500 1335 praxis
513 1285 601 1323 omnium
617 1286 698 1334 piorum
713 1285 781 1324 habet.
801 1287 922 1332 praescio,
940 1299 965 1324 an

157 1360 196 1386 non
209 1354 252 1385 tum
267 1348 334 1397 pietas
352 1347 522 1396 nobismetipsis,
542 1353 584 1385 tum
603 1347 723 1385 reverentia
741 1347 809 1386 saeris
822 1348 902 1394 debita,
919 1348 965 1386 veri

157 1409 246 1447 nominis
266 1408 413 1460 obligationem
431 1409 530 1446 involvat.
548 1409 630 1447 Etenim
643 1408 755 1447 difficultas
774 1415 841 1447 semet
852 1410 889 1447 suh
905 1409 964 1448 dubio

158 1470 270 1510 accusandi
283 1477 395 1508 esttamen
408 1471 491 1521 exigua,
504 1470 522 1507 si
535 1482 580 1508 cum
591 1470 675 1508 interna
686 1482 737 1519 pace
751 1477 772 1508 et
783 1471 897 1509 securitate
910 1483 964 1508 eom-

158 1539 254 1583 paretur,
272 1544 323 1582 quae
337 1531 384 1569 inde
397 1531 542 1581 subsequitum
560 1538 582 1569 ut
606 1531 652 1581 quid
665 1544 718 1582 ergo
731 1538 807 1569 statum
823 1538 878 1569 tuum
897 1532 965 1569 occul·

157 1596 208 1631 tes?
221 1593 245 1630 si
257 1592 401 1631 confessarius
421 1599 494 1630 contra
512 1599 620 1642 peecatum
640 1592 721 1630 dubimn
744 1599 822 1630 certam
841 1593 965 1630 sententiam

158 1655 215 1692 ferre
227 1654 311 1704 nequit,
329 1654 403 1690 saltem
418 1653 498 1690 mederi
508 1659 585 1703 potest,
602 1659 625 1690 ut
637 1653 732 1702 quidquid
751 1653 791 1697 sit,
805 1652 852 1702 jam
866 1653 965 1703 tranquil·

158 1717 190 1753 lus
203 1727 250 1752 esse
263 1726 333 1763 queas.
347 1713 399 1761 Quid
411 1713 491 1764 demum
503 1714 523 1751 in
536 1714 624 1751 articulo
637 1714 710 1751 mortis
729 1714 824 1758 laceres,
842 1725 913 1751 eoram
928 1713 965 1750 tri·

157 1775 227 1814 bunali
245 1774 308 1812 divini
319 1775 397 1823 judicis
409 1787 457 1812 mox
472 1774 595 1812 sistendas?
613 1777 655 1812 llao
668 1787 720 1824 ergo
732 1774 803 1818 modo,
821 1774 873 1824 quod
885 1780 934 1812 tunc
946 1780 966 1810 te

158 1836 236 1874 fecisse
248 1836 369 1873 laetaberis.
382 1837 405 1882 c]
418 1836 505 1872 Interim
516 1841 604 1884 peccata
616 1835 676 1872 dubia
687 1835 720 1872 vel
732 1835 800 1872 minus
813 1840 872 1872 certa
886 1846 925 1884 qua
936 1840 966 1872 ta-

157 1897 186 1935 lia
197 1897 261 1934 lateri
273 1902 365 1945 oportet,
377 1896 456 1946 neplus
469 1897 497 1933 sit
507 1896 527 1932 in
541 1895 684 1939 confessione,
698 1908 757 1944 quam
770 1895 822 1944 quod
835 1901 867 1932 est
884 1895 905 1932 in
920 1907 967 1933 con·

158 1955 275 2004 scientia¹].

340 2074 463 2144 diligentia
477 2075 499 2127 iu
513 2076 616 2128 exaruine
631 2074 791 2128 eonscientiae.

234 2189 251 2243 §-
265 2185 300 2228 l2.
314 2187 374 2237 Quali
387 2202 437 2238 opus
450 2190 477 2227 sit
495 2190 600 2234 exaurire,
618 2196 640 2227 ut
652 2190 697 2240 quis
710 2201 721 2226 a
740 2190 799 2239 eulpa
812 2189 869 2227 circa
887 2187 968 2227 confes-

161 2253 226 2290 sionis
238 2252 383 2304 integritatem
394 2251 491 2290 innnunis
504 2252 543 2296 sit,
562 2263 586 2288 eo
598 2251 666 2302 magis
681 2263 783 2301 quaerere
795 2251 854 2296 licet,
872 2261 910 2301 quo
922 2248 970 2287 fieri

161 2314 238 2365 possit,
258 2320 281 2353 ut
292 2313 443 2364 praetermissa
458 2327 495 2365 per
515 2313 667 2366 negligentiam
682 2313 721 2352 hac
734 2313 877 2352 eonscientiae
889 2312 969 2350 discus-

163 2377 220 2416 sione
234 2377 340 2417 confessio
352 2377 409 2416 nulla
422 2383 442 2416 et
454 2377 561 2430 sacrilega
573 2376 607 2415 sit

236 2436 255 2478 l.
274 2440 359 2478 Certum
376 2446 421 2484 est,
440 2440 492 2490 quod
510 2439 619 2490 poenitens
638 2439 712 2477 debeat
733 2451 755 2476 se
774 2439 832 2489 prius
858 2436 970 2488 diligenter

163 2501 295 2546 exarninare,
313 2508 422 2552 antequam
439 2501 593 2539 confessionem
609 2501 784 2539 sacramentalem
795 2504 891 2550 peragat.
909 2498 971 2537 Patet

162 2563 202 2601 hoe
215 2574 240 2600 ex
253 2563 334 2612 saepius
346 2564 389 2612 jam
402 2563 484 2601 laudato
498 2563 591 2601 Concilio
604 2562 737 2608 Tridentino,
754 2562 789 2600 ubi
808 2559 889 2604 definit,
907 2560 969 2599 clavi-

163 2626 201 2663 bus
213 2624 323 2662 Ecclesiae
335 2625 463 2674 subjicienda
477 2637 525 2663 esse
538 2624 606 2662 omnia
628 2631 648 2662 et
663 2625 747 2676 singula
761 2628 849 2673 peccata
866 2622 969 2667 mortalia,

163 2698 251 2737 quorum
263 2687 363 2724 memoria
375 2700 421 2725 cum
436 2686 533 2736 diligenti
545 2694 565 2724 et
577 2686 650 2724 debita
659 2685 858 2738 praemeditatione
875 2682 969 2722 habetur.

162 2750 203 2787 Est
214 2759 265 2785 vero
278 2747 326 2784 talis
339 2746 446 2798 diligentia
457 2749 477 2786 in
490 2748 585 2787 faciendo
594 2754 640 2785 ante
654 2747 807 2786 confessionem
817 2744 909 2783 examine
922 2758 969 2784 eon-

164 2837 362 2846 ..-....-.—-——-—-—

188 2882 204 2922 1)
215 2881 255 2914 Cfr.
266 2879 325 2923 Stapf
333 2879 427 2922 Theolog.
438 2881 505 2912 moral.
515 2884 560 2912 tom.
571 2881 603 2912 lv.
613 2889 655 2922 pag.
665 2881 694 2911 21.
