2056 3193
146 73 190 121 138

146 201 274 245 congruant,
285 195 321 232 illa
332 199 410 230 tantum
422 200 510 242 peccata
522 195 638 247 attingant,
655 206 707 243 cquae
723 198 747 234 ab
762 196 879 235 hominibus
896 196 950 244 ejus-

146 254 192 293 dem
211 255 348 306 professionis
364 255 398 291 vel
416 255 501 301 aetatis,
519 255 657 295 consideratis
678 255 761 296 illorum
779 257 951 303 circumstantiis,

146 317 250 367 suspicari
262 316 318 359 licet,
337 315 376 353 nisi
392 329 418 354 cr
433 318 550 367 praemissu
565 318 647 355 illorum
663 318 795 357 confessione
812 321 873 358 aliter
888 331 950 371 agen-

147 379 192 416 dum
205 389 252 414 esse
261 375 376 424 judicetur,

218 434 243 484 3]
257 435 469 492 Quaestionesjusto
481 439 612 494 etpqtqrgadt
629 439 718 493 ordine
724 440 854 491 dispertitae
865 456 888 480 se
899 442 951 480 invi-

147 513 190 539 cem
202 498 316 548 excipiant.
328 501 346 538 Α
357 488 490 550 peccatorum
503 501 567 539 initiis
580 507 599 538 ct
611 492 720 539 iffiffi.ad
732 510 876 541 consummata
888 510 908 541 et
919 516 952 541 se·

145 561 228 611 quelas,
241 573 253 597 a
264 560 379 598 levioribus
395 562 420 599 ad
437 561 547 613 graviora,
563 563 587 600 ab
606 562 718 599 ordinariis
733 567 754 599 et
769 565 913 603 communibus
928 565 953 602 ad

145 621 315 659 extraordinaria
333 624 391 659 velut
408 635 445 672 per
463 623 542 673 gradus
560 617 693 671 procedatdr.
714 623 806 661 Servata
822 623 861 662 hac
878 627 953 677 regula

145 683 260 721 declaratio
273 684 406 732 quorumdam
418 689 561 732 pcccatorum,
573 697 592 721 v.
605 698 627 734 g,
639 684 787 733 impudicitiae,
806 684 890 723 facilior
906 687 952 724 red-

145 744 208 788 ditor,
221 744 311 792 specics,
323 756 421 781 numerus
434 744 639 802 etxcircmustantiac
655 752 791 794 peccatorum
808 750 953 797 aggravantes

146 804 262 854 expeditius
274 804 414 849 innotescunt,
427 805 474 854 quin
487 805 602 854 periculum
615 806 675 849 adsit,
688 819 713 843 ne
726 807 757 843 vel
770 819 805 843 res
816 805 902 855 majoris
911 820 953 844 mo-

145 865 210 903 menti
221 878 247 902 ex
258 865 449 911 inconsiderantia,
463 872 498 904 aut
509 866 614 903 oblivione
631 867 749 911 oinittatur,
765 868 799 904 vel
810 868 908 905 ulteriori
923 868 953 904 in-

146 926 257 977 quisitione
270 926 394 974 poenitentis
407 927 474 964 animo
486 933 594 965 noceatur,

219 983 245 1034 4]
259 986 306 1024 Sint
316 987 430 1040 predoctae
441 994 462 1040 et
472 987 637 1037 (tortestuejHis
649 989 731 1027 dotibus
743 1002 846 1038 uunquam
864 1002 905 1027 non
923 989 953 1026 in-

147 1041 304 1099 terrogationes
320 1055 408 1086 cunctae
427 1043 540 1100 insignitae
559 1050 614 1093 sint,
633 1050 683 1087 adeo
699 1057 722 1087 ut
736 1063 819 1099 semper
835 1057 955 1100 compareat

147 1122 216 1147 serino
228 1110 368 1154 verecundus,
381 1110 431 1148 licet
442 1110 550 1159 poenitens
569 1111 679 1148 obscoenis
692 1117 713 1148 et
724 1111 871 1149 inverecundis
882 1118 953 1149 utatur

146 1171 240 1209 vocibus.
253 1171 275 1208 Id
287 1170 351 1216 enim,
369 1177 392 1208 ut
402 1171 538 1209 humanitatis
556 1184 640 1209 sensum
653 1178 744 1217 taceam,
763 1172 853 1210 tribunal
869 1185 953 1211 sacrum

147 1232 249 1282 simulque
261 1232 396 1270 Sacramenti
407 1233 527 1270 reverentia
540 1233 634 1284 exigunt.

219 1288 246 1339 5)
264 1293 348 1330 Pariter
356 1293 499 1345 ,liltffl'ellffl
517 1294 559 1331 sint
577 1297 715 1344 conspicuae.
734 1293 793 1331 Haec
810 1294 955 1343 quaestionum

147 1354 244 1399 conditio,
257 1359 317 1403 quarn
330 1354 404 1391 merito
416 1354 553 1404 requirimus,
566 1345 700 1392 niist'liitum
713 1354 763 1392 illud
779 1361 873 1404 spectat,
889 1368 914 1392 ne
930 1355 955 1392 de

146 1415 172 1453 iis
183 1414 306 1453 instituatur
319 1427 412 1460 eramen,
425 1428 477 1465 quae
490 1428 501 1453 a
513 1415 551 1453 tali
562 1428 653 1464 persona
664 1416 794 1466 regulariter
807 1416 954 1454 committinon

147 1477 235 1521 soleant,
248 1476 329 1514 sedvel
342 1489 407 1526 usque
419 1490 443 1514 eo
456 1489 478 1514 se
491 1477 595 1522 extendit,
614 1490 639 1521 ne
658 1476 676 1514 si
692 1489 744 1527 quae
759 1476 860 1528 graviora
874 1477 955 1514 revelet

146 1544 242 1588 peccata,
255 1550 325 1582 seusu,
338 1545 360 1575 ut
371 1538 401 1575 ita
412 1538 486 1583 dicam,
499 1538 601 1576 crassiori
613 1544 733 1583 sumantur,
748 1543 784 1575 aut
798 1539 851 1575 malo
867 1538 955 1576 consilio

148 1599 301 1636 adscribantur.
313 1600 420 1643 Praestat,
433 1605 530 1649 quantum
542 1600 588 1637 fieri
600 1605 676 1648 potest,
689 1599 746 1636 salva
755 1598 852 1646 justitia,
868 1599 956 1636 meliora

147 1672 272 1710 supponere,
285 1666 306 1697 et
316 1660 386 1709 potius
399 1660 510 1711 fragilitati
522 1660 631 1705 humanae,
644 1673 703 1710 quam
712 1660 804 1697 iiialitiae
813 1660 956 1698 confitentium

147 1727 234 1770 peccata
246 1721 374 1758 adscribere.
390 1721 446 1758 Idem
458 1733 538 1770 quoquc
551 1722 636 1765 obtinet,
649 1722 668 1758 si
679 1721 787 1769 poenitens
799 1727 909 1769 peccatum
921 1733 955 1757 re·

147 1781 239 1826 ticuerit,
252 1781 304 1832 quod
316 1794 367 1819 vero
380 1781 524 1819 confessarius
537 1782 650 1832 prudenter
668 1780 787 1829 interjectis
805 1780 955 1832 interrogatio-

147 1844 207 1882 nibus
219 1843 297 1881 elicuit.
310 1843 333 1881 S.
345 1843 472 1882 Franciscus
485 1844 580 1881 Salesius
593 1843 693 1891 ejusmodi
704 1842 858 1891 poenitentibus
870 1855 955 1880 suavem

148 1911 168 1941 et
179 1906 246 1941 lencm
259 1916 281 1940 se
294 1905 404 1953 praebens,
417 1910 458 1942 tam
470 1906 533 1955 longe
546 1903 618 1948 abfuit,
631 1904 678 1940 utin
692 1902 846 1952 eorreptionem
860 1903 957 1946 acerbam

147 1972 301 2015 prorumperet,
313 1972 335 2003 ut
346 1965 415 2015 potius
428 1965 556 2011 ostenderet,
569 1977 629 2015 quam
641 1964 715 2003 felices
727 1963 768 2001 sint
780 1963 821 2001 rite
829 1964 956 2002 confitendo:

147 2027 250 2071 adredus,
261 2027 332 2071 velim,
348 2028 406 2064 Deus
419 2039 516 2077 rnagnam
531 2026 570 2064 tibi
581 2025 673 2077 gratiam
690 2031 764 2075 parat;
779 2025 836 2069 vide,
856 2025 957 2075 quomodo

146 2087 239 2137 Spiritus
252 2093 338 2126 sanctus
352 2100 388 2126 cor
401 2094 458 2125 tuum
470 2093 551 2139 tangat,
564 2093 586 2124 ut
597 2087 649 2124 bene
663 2086 795 2132 confitearis3
812 2084 845 2134 eja
857 2098 917 2138 ergo,
930 2086 957 2124 mi

146 2150 185 2194 sili,
208 2149 300 2187 animose
322 2150 391 2187 fatere
409 2157 496 2198 peccata
519 2155 564 2193 tua;
588 2161 685 2199 magnum
704 2154 723 2184 te
738 2147 830 2185 manebit
848 2148 955 2198 gaudium,

146 2223 243 2262 magnum
265 2210 362 2247 solatium
384 2210 494 2247 mortisia
514 2221 592 2260 agone,
616 2209 669 2259 quod
693 2208 791 2246 humilem
810 2208 889 2246 feceris
908 2220 956 2247 con·

146 2271 279 2310 fessioncm.''

378 2389 502 2444 Prudentia
518 2389 539 2443 in
553 2389 733 2460 interrogando·

221 2516 238 2569 §-
251 2513 286 2557 97.
299 2518 390 2556 Praeter
407 2522 540 2554 enumeratas
555 2515 625 2561 dotes,
643 2514 717 2566 quibus
733 2514 867 2565 quaestiones
882 2526 894 2551 a
909 2526 956 2552 con-

148 2578 238 2616 fessario
249 2580 355 2628 ponendae
368 2578 410 2616 sint
421 2584 515 2623 ornatae,
532 2577 649 2627 requiritur
660 2577 680 2614 in
696 2576 845 2626 poenitentium
862 2575 956 2614 examine

145 2639 267 2693 prudentio
277 2642 337 2679 bared
346 2639 451 2689 credereris.
463 2639 572 2689 thuidem
585 2637 695 2689 prudentia
707 2636 838 2677 confessario
856 2649 907 2688 opus
925 2645 957 2676 est

147 2704 167 2741 in
182 2702 344 2752 interrogando:
361 2700 386 2749 l)
401 2708 424 2739 ut
442 2700 525 2747 eliciat,
543 2713 595 2751 quae
607 2700 737 2749 poenitentes
751 2699 956 2750 quademumcunque

148 2778 173 2803 en
185 2775 251 2802 causa
262 2763 379 2809 reticuere;
391 2761 417 2811 2]
430 2775 455 2800 ne
467 2762 538 2812 pejora
549 2762 605 2799 forte
617 2762 698 2807 doceat,
711 2774 772 2811 quant
784 2772 836 2810 quae
847 2761 956 2811 poenitens

147 2826 208 2871 sciat,
221 2836 288 2875 neque
301 2823 345 2872 ejus
358 2824 502 2863 curiositatem
515 2822 600 2868 excitet,
613 2829 633 2861 et
644 2835 730 2861 sensum
741 2822 841 2859 moralem
849 2822 956 2861 obtundat.

149 2886 221 2937 Quoad
239 2885 329 2937 primunr
348 2884 443 2925 adhibeat
460 2886 517 2924 iilam
539 2885 664 2924 industriam
679 2884 823 2938 prodentem,
839 2897 879 2938 qua
896 2896 957 2923 usum
