2017 3193
278 240 349 293 Animi
363 236 469 291 demissio
484 241 505 290 et
519 240 594 293 anxiet
611 256 630 293 s.

131 368 148 421 5.
161 362 196 407 35.
208 365 281 411 Vitiis,
294 366 367 416 quihus
380 360 524 400 confessarius
543 373 627 412 expers,
643 371 663 402 et
681 364 773 408 dotibus,
786 362 860 412 quihus

58 436 173 474 instructus
185 428 213 466 sit
224 429 319 479 oportet,
331 421 454 467 recensitis,
466 433 528 460 unum
540 429 618 468 restat,
630 430 653 462 ut
663 425 752 464 animum
761 424 860 462 addamus

58 495 96 545 piis
114 491 155 529 illis
174 488 322 533 confessariis,
345 493 395 535 quos
412 482 487 520 nimius
510 482 654 521 difficultatum
677 491 697 522 et
717 486 860 535 periculorum

58 553 124 592 saneti
135 551 245 589 tribunalis
257 555 325 587 metus
340 552 491 593 saepenumero
506 543 527 580 in
542 544 604 581 animi
620 544 765 584 demissionem
782 553 803 584 et
824 558 859 584 au·

57 616 154 653 rietatem
166 611 256 660 conjicit.
272 611 305 646 Ex
319 609 375 644 metu
390 604 430 643 hoc
442 604 477 642 elii
488 604 594 643 abstinent
608 604 632 642 ab
655 604 858 646 audiendisconfes·

58 674 159 719 sionibus,
178 672 219 710 etsi
235 671 281 709 illas
296 672 371 717 magno
393 673 440 704 cnm
458 666 529 705 fructu
547 672 568 703 ct
594 665 704 716 religionis
723 667 859 706 emolumento

57 735 147 775 audituri
158 736 239 778 essent3
252 728 286 767 alii
298 724 461 777 nonnisipar‘ce,
474 733 495 766 et
506 739 545 765 non
557 726 610 765 satis
622 732 695 766 exacte
707 727 732 765 ed
744 739 779 765 eas
792 740 814 766 se
825 741 859 766 re-

57 797 139 836 solvunt
146 811 152 843 3
165 795 200 833 alii
209 793 309 832 recusant
321 788 392 827 audine
404 798 450 835 eos,
463 795 549 840 quorum
557 788 708 827 conscientiam
714 788 799 827 nimium
811 802 858 841 gra·

56 864 125 898 vatam
139 864 160 896 et
174 852 331 896 conversionem
345 850 406 889 nimis
418 849 524 890 difficilem
543 860 590 889 esse
609 850 704 890 creduut.
722 851 778 890 Huic
794 864 859 890 naevo

57 920 154 960 medendo
166 926 266 958 occurres
277 913 349 952 humili
359 913 380 951 in
392 915 460 952 Deum
471 911 558 960 fiducia,
571 912 630 962 cujus
641 912 722 952 infinita
737 919 770 952 est
787 920 859 964 poten·
902 921 905 924 ⁴

56 983 95 1028 tia,
112 982 183 1033 quive,
199 979 245 1016 dum
261 981 281 1014 te
295 975 403 1027 indignum
421 975 471 1014 licet
489 975 514 1014 ad
529 974 658 1014 tremendum
670 974 709 1014 hoo
721 975 860 1015 ministerium

57 1043 157 1094 elegerit,
172 1051 209 1090 pro
224 1038 304 1077 infinita
319 1037 422 1087 sapientia
441 1049 479 1075 sua
494 1037 549 1076 etin
565 1043 585 1075 te
600 1038 691 1076 bonitate
710 1050 733 1076 se
748 1038 859 1089 promissis

20 1104 22 1106 ’
56 1105 99 1143 suis
117 1100 216 1153 obligavit
240 1100 265 1138 ad
286 1099 364 1138 dandas
377 1098 458 1151 gratias
476 1105 498 1138 et
508 1099 615 1145 subsidia,
635 1099 859 1150 quihusmunushoe,

15 1174 16 1178 ’
56 1162 184 1215 quantumvis
203 1162 289 1201 arduum
308 1167 329 1199 et
342 1161 496 1211 periculosum,
515 1160 577 1213 digne
588 1160 682 1211 impleas¹
699 1161 859 1208 seminecem,

55 1225 145 1263 solemne
157 1231 204 1261 esse
215 1224 272 1268 Deo,
287 1229 310 1261 ut
324 1222 349 1261 ad
361 1222 507 1261 declarandam
523 1229 544 1260 et
556 1222 728 1260 manifestandam
745 1224 860 1274 potentiam

54 1297 112 1323 suam
128 1284 217 1323 inaxima
234 1295 326 1335 quaeque
343 1289 364 1321 et
379 1283 506 1336 gravissima
519 1294 558 1334 per
573 1283 668 1322 minimos
687 1290 708 1321 et
719 1284 859 1323 debilissimos

54 1345 137 1384 efficiat.
151 1345 250 1386 „Infimna
261 1346 330 1384 mundi
342 1345 420 1397 elegit,
432 1351 455 1383 ut
466 1345 531 1383 sortia
540 1345 661 1391 confundat,
674 1367 703 1372 —
711 1353 808 1384 —-—ut
819 1359 859 1385 nou

54 1407 155 1458 glorietur
173 1407 239 1445 omnis
252 1419 301 1445 caro
312 1407 333 1445 in
346 1412 460 1457 conspectu
472 1406 529 1456 ejus’'
540 1404 567 1454 ¹).
587 1405 626 1455 Qui
642 1406 726 1445 confidit
737 1408 757 1445 in
768 1408 859 1446 Domino

52 1468 73 1506 in
84 1468 255 1519 perplexitatibus
267 1467 361 1514 summis,
372 1468 394 1506 iu
405 1468 469 1506 rebus
481 1468 608 1507 difficillimis
616 1469 685 1506 subito
698 1474 719 1506 et
734 1468 858 1507 mirabiliter

53 1529 170 1568 illustratur
186 1536 207 1568 et
221 1530 337 1580 adjuvatur.
355 1529 379 1568 si
391 1542 430 1568 non
443 1529 528 1580 quaeris
540 1530 581 1568 nisi
591 1530 671 1575 Deum,
682 1529 777 1568 invenies
799 1543 858 1576 eum,

53 1596 74 1628 et
85 1601 130 1628 cum
140 1591 176 1629 illo
195 1597 216 1629 et
229 1604 268 1641 per
285 1591 343 1630 illum
355 1591 446 1641 accipies
458 1592 526 1629 lumen
542 1597 563 1629 et
575 1590 637 1629 vires.
654 1590 694 1640 Qui
709 1591 759 1629 milri
773 1591 858 1630 honoris

53 1658 86 1689 est
104 1659 187 1697 auctor,
207 1653 235 1691 ait
253 1652 276 1690 S.
288 1653 342 1697 Leo,
353 1652 399 1703 ipse
410 1651 462 1690 mihi
475 1653 512 1691 fiet
524 1652 710 1690 administrationis
728 1652 819 1702 adjutor,
839 1659 859 1690 et

51 1724 76 1750 ne
95 1713 216 1752 succumbat
231 1714 269 1752 sub
287 1713 429 1765 magnitudine
450 1713 532 1764 gratiae
548 1713 656 1759 infirmus,
677 1713 733 1751 dabit
747 1713 858 1759 virtutem,

52 1773 85 1821 qui
97 1773 183 1812 eontulit
195 1772 363 1826 dignitatem’'²].

317 1928 595 2001 vaputlL

50 2062 89 2110 De
101 2063 290 2128 Appnodotione
303 2075 327 2115 ct
342 2064 526 2115 ‹hotisdictt'one
549 2065 584 2114 od
603 2066 764 2131 confessiones
790 2068 855 2115 eaeci-

307 2149 418 2218 pt'endos
430 2151 581 2201 accessorio.

292 2297 427 2369 lpprobalio
441 2300 463 2349 et
473 2296 612 2363 jurisdictio.

123 2432 140 2487 ξ.
153 2430 189 2474 36.
213 2435 269 2486 Quae
284 2437 419 2488 praecedenti
438 2436 505 2487 capite
525 2436 643 2481 docuimus,
663 2447 686 2474 eo
705 2443 810 2487 spectant,
834 2444 857 2477 ut

51 2493 192 2536 confessarius
207 2510 291 2539 sacrum
306 2500 418 2539 tribunalis
436 2499 576 2538 ministerium
591 2498 664 2549 digne,
687 2505 708 2536 et
723 2512 770 2538 cum
785 2499 856 2539 fructu

51 2554 116 2596 ohcat.
137 2558 217 2599 Verum
232 2567 255 2600 ut
275 2561 348 2602 aalide
366 2562 405 2602 hoc
427 2561 589 2600 Sacramentum
607 2559 747 2608 administret,
766 2562 855 2612 requiri·

51 2620 95 2656 tur:
110 2618 134 2667 l]
148 2620 259 2662 character
272 2624 424 2671 sacerdotalis,
442 2623 486 2662 sive
501 2629 596 2674 potestas
611 2622 690 2662 ordinis
702 2624 855 2669 sacerdotalis,

4 2709 5 2712 ,
52 2681 211 2733 quandoquidem
218 2685 269 2725 solis
278 2686 423 2725 sacerdotibus
433 2685 496 2736 primi
504 2685 639 2736 (episcopis)
652 2691 673 2723 et
684 2685 771 2724 secundi
776 2686 856 2725 ordinis

52 2740 203 2794 (preshyteris)
223 2748 323 2787 duntaxat
338 2749 405 2786 aDeo
420 2747 497 2785 collata
509 2753 542 2785 est
552 2753 657 2797 potestas,
671 2754 759 2796 peccata
770 2747 791 2786 in
802 2749 854 2786 Poe-

50 2798 147 2843 niteutiae
155 2807 255 2848 cathedra
266 2809 386 2849 remittendi
397 2815 418 2847 et
429 2808 544 2854 retinendi,
557 2808 624 2858 iisque
632 2808 694 2855 solis,
713 2822 752 2859 quo
762 2815 853 2859 tempore

50 2889 216 2906 ’'N—..—

74 2934 89 2973 ¹)
98 2934 112 2969 Ι.
123 2937 167 2973 Cor.
177 2941 192 2975 Ι.
202 2943 232 2977 28.
242 2944 272 2976 29,
282 2961 306 2969 η
315 2946 331 2984 2)
341 2942 404 2976 Serm.
413 2942 427 2975 I.
671 2989 686 3030 4
697 2988 706 3005 „
