2017 3193
854 100 896 163 101

88 236 212 286 specificam
224 240 244 270 et
255 233 380 272 distinctam
392 234 482 272 omnium
493 240 626 282 peccatorum
639 235 776 287 graviorum,
796 244 834 270 ceu
846 232 896 270 divi·

90 296 144 333 nitus
156 295 272 332 institutam
291 301 312 332 et
328 295 470 333 necessariam
483 293 507 330 ad
525 297 690 343 consequendam
707 295 789 332 veniam
809 299 830 330 et
847 306 897 343 gra-

89 356 148 399 tiam,
167 354 368 403 aprimisfidelihus
387 356 481 405 agnitam
492 352 559 389 fnisse
575 360 595 390 et
606 354 759 404 frequentatam
770 353 796 401 ¹).
820 352 898 401 Quare,

89 416 143 453 sicut
156 414 235 452 Christi
246 415 318 453 fideles
334 429 359 453 ex
370 415 466 454 mandato
479 413 614 451 sanctissimi
626 421 647 451 et
657 414 809 466 Benignissimi
822 414 897 452 Salva·

88 476 142 513 toris
154 476 273 526 obligantur
285 477 381 513 confiteri
392 480 481 524 peccata
493 474 587 524 singula,
606 474 668 510 etiam
681 476 774 520 occulta,
787 481 808 512 et
820 474 896 519 omnia,

89 549 140 586 quae
153 536 229 580 corde,
247 549 283 574 ore
298 544 318 574 et
337 548 400 585 opere
415 535 560 584 deliquerunt,
579 540 697 584 statumque
716 536 857 573 conscientiae
876 542 897 573 et

88 597 150 634 animi
162 596 247 634 candide
259 598 355 645 apcrire;
373 597 403 633 ita
415 607 495 644 quoque
507 594 630 633 sacerdotes
648 594 673 631 ad
684 606 758 631 munus
771 596 897 634 confessarii

87 658 185 707 deputati,
193 657 275 706 judices
287 664 307 695 et
318 651 393 694 vicarii
405 655 492 701 Christi,
504 655 653 709 poenitentium
666 655 810 693 confessiones
822 660 895 707 speei-

85 720 142 770 ficas
160 723 182 757 et
198 720 313 758 distinctas
331 720 450 767 accipere,
471 717 518 768 quin
536 718 576 755 imo
596 729 675 768 urgere
693 717 714 755 in
726 716 802 754 officiis
813 717 895 756 hahent.

86 782 153 830 Atque
165 780 204 818 hoc
217 780 282 818 officii
293 791 361 830 genus
373 778 424 816 adeo
438 785 469 816 est
481 779 574 828 planum,
592 784 652 815 utne
668 790 719 827 opus
738 777 818 828 quidem
831 786 896 823 esset,

87 842 136 879 illud
146 841 239 891 pluribus
251 841 366 885 inculcare,
377 839 419 877 nisi
431 845 559 889 compertum
572 852 597 877 ex
610 839 752 876 confitentium
770 839 896 877 narrationi·

87 904 124 941 hus
135 903 262 947 haberetur,
281 901 330 939 dare
348 900 395 938 hinc
413 901 461 939 inde
478 900 536 939 viros
555 900 620 938 officii
630 899 692 949 hujus
704 906 739 938 aut
755 900 844 951 ignaros
863 907 898 938 ant

85 965 185 1009 incurios,
205 963 239 1013 qui
250 975 275 1000 ne
287 962 392 1012 patiantur
404 961 485 1013 quidem
496 961 637 1011 poenitentem
650 961 804 1000 confessionem
816 963 897 1012 persol-

85 1038 142 1064 vere.
154 1025 211 1063 Proh
223 1024 294 1062 dolor!
306 1023 327 1062 hi
339 1036 379 1061 non
391 1029 471 1062 tantum
484 1024 631 1062 confitentibus
644 1024 742 1062 scandalo
755 1030 810 1068 sunt,
827 1024 863 1062 sed
876 1031 897 1063 et

86 1088 158 1126 ruinae
170 1086 286 1136 permultis
306 1084 411 1133 Quomodo
430 1086 521 1136 prudens
536 1085 637 1134 judicium
656 1098 772 1130 exercere,
790 1085 811 1123 in
823 1086 896 1136 poenis

84 1148 218 1200 injungendis
231 1147 356 1198 aequitatem
369 1159 465 1193 servare,
482 1147 502 1184 in
515 1147 613 1184 remediis
626 1147 746 1185 adhibendis
764 1147 895 1197 prudentiam

85 1211 140 1249 tueri
151 1216 257 1260 poterunt,
271 1209 289 1246 si
300 1209 449 1259 poenitentium
461 1215 549 1258 peccata
567 1221 606 1247 non
618 1209 638 1246 in
657 1209 727 1259 specie
740 1215 761 1247 et
772 1209 894 1261 singillatim

85 1271 224 1322 exceperint?
244 1270 289 1319 Qua
299 1270 381 1309 ratione
393 1277 569 1321 praeoccupatum
586 1271 607 1308 in
620 1271 687 1321 aliquo
700 1270 775 1309 delicto
789 1271 896 1309 instruent

84 1335 104 1371 in
117 1332 192 1383 spiritu
204 1332 304 1378 lenitatis,
317 1331 358 1369 nisi
369 1333 440 1370 delicti
451 1332 542 1381 speciem
556 1332 620 1382 [quod
639 1332 707 1370 divina
721 1332 862 1370 instructione
874 1340 895 1371 et

84 1394 176 1433 remedio
189 1393 336 1443 amputandum
349 1396 393 1441 cst)
410 1393 545 1444 perceperint
562 1393 638 1442 prins?
656 1393 700 1441 Quo
717 1399 779 1444 pacto
797 1406 894 1432 sermone

83 1456 124 1494 Dei
136 1461 157 1493 et
168 1454 294 1493 testimoniis
307 1455 480 1505 Scripturarum,
493 1461 514 1491 et
526 1454 670 1493 exhortatione
681 1455 783 1493 virtutum
801 1461 893 1500 utentur,

83 1523 106 1555 ut
118 1518 200 1555 solvant
210 1516 303 1567 ligatos,
320 1516 362 1553 nisi
372 1516 471 1554 vitiorum
482 1516 557 1562 nodos,
577 1516 649 1566 quihus
663 1528 701 1553 ceu
712 1516 798 1554 totidem
810 1516 893 1555 funibus

82 1584 207 1628 peccatores
227 1578 415 1628 constringuntur,
440 1584 485 1615 arte
504 1577 590 1627 quadam
615 1590 654 1615 non
677 1578 761 1629 vulgari
779 1578 893 1623 extricare,

83 1640 188 1689 explicare
200 1644 221 1677 et
233 1639 349 1676 dissolvere
362 1638 500 1678 curaverint?
520 1638 591 1687 Qualis
610 1640 715 1677 sententia
727 1651 738 1676 a
745 1639 817 1688 judice
830 1651 894 1678 causa

82 1700 191 1752 incognita
202 1700 287 1738 fertur?
298 1701 395 1744 Accedit,
408 1700 461 1750 quod
472 1712 512 1738 non
523 1712 596 1750 parum
609 1700 678 1738 solatii
686 1702 787 1738 afferatur
799 1701 892 1746 afflictis,

83 1768 104 1800 et
115 1762 152 1799 sub
165 1774 229 1799 onere
240 1768 375 1811 peccatorum
388 1774 472 1799 suornm
484 1762 577 1811 pressis,
596 1762 615 1799 si
625 1761 710 1800 intimas
722 1761 785 1800 animi
796 1762 829 1800 sui
840 1763 892 1800 late-

82 1825 131 1861 bras
144 1829 165 1861 et
176 1824 248 1867 sinus,
267 1829 288 1859 et
306 1822 401 1874 quidquid
420 1823 509 1860 animum
528 1823 618 1874 affligit,
636 1824 683 1872 pio,
703 1830 723 1860 et
742 1823 853 1861 condolere
872 1831 893 1862 et

83 1884 173 1934 compati
182 1884 237 1922 haud
248 1885 320 1922 nescio
339 1884 469 1923 confessario
482 1885 564 1933 aperire
583 1886 671 1934 queant!
691 1884 715 1922 Si
726 1884 794 1923 fidelis
812 1886 891 1923 amicus

81 1946 193 1984 thesaurus
212 1952 245 1983 est
261 1946 438 1990 immortalitatis,
463 1952 538 1995 quanto
559 1945 625 1997 magis
645 1946 788 1983 confessarius
806 1947 852 1996 pius
871 1954 893 1985 et

81 2007 178 2057 prudens,
198 2006 314 2045 cuiintima
326 2007 396 2045 cordis
409 2006 499 2056 pandere
518 2008 577 2044 dnlcc
590 2007 637 2052 erit,
651 2007 814 2045 aestimabitur?
834 2006 891 2056 Quod

80 2068 118 2106 tihi
129 2080 169 2105 non
181 2068 213 2105 vis
225 2068 279 2112 lieri,
292 2069 390 2106 alteriue
403 2068 487 2106 feceris.

158 2128 209 2177 Quid
216 2141 275 2173 vero,
284 2130 302 2166 si
314 2131 422 2179 poenitens
435 2129 653 2181 singillatimpeccata
661 2130 758 2168 confiteri
770 2130 890 2168 detrectet?

81 2192 140 2229 Tunc
153 2189 295 2228 confessarius
314 2203 360 2228 eum
378 2191 411 2227 vel
429 2191 510 2229 directe
527 2191 560 2228 vel
577 2190 681 2229 indirecte
699 2198 795 2235 moneat,
814 2192 890 2240 partim

81 2251 184 2289 edocendo
196 2250 346 2289 necessitatem
357 2258 446 2300 peccata
458 2251 581 2302 singillatim
594 2252 715 2297 confitendi,
733 2251 809 2301 partim
818 2264 889 2290 remo-

79 2313 145 2350 vendo
158 2313 273 2356 obstacula,
286 2324 337 2362 quae
349 2312 450 2362 impedire
470 2313 549 2356 solent,
568 2325 606 2361 quo
622 2313 690 2350 minus
706 2313 829 2364 singillatim
840 2326 889 2363 pec·

80 2380 127 2411 cata
139 2374 236 2411 confiteri
247 2373 292 2423 quis
303 2373 360 2418 velit,
379 2374 455 2422 partim
468 2373 588 2421 exponendo
601 2374 753 2417 emolumenta,
770 2387 822 2424 quae
835 2374 889 2422 ejus·

79 2435 134 2472 modi
146 2435 250 2473 confessio
263 2434 347 2472 sincera
359 2434 446 2472 adferat.
461 2433 549 2473 „Omnia
561 2433 636 2471 etenim
644 2434 664 2471 in
673 2435 807 2473 confessione
819 2436 889 2473 lavan-

79 2501 120 2540 tur,
140 2495 268 2533 conscientia
286 2496 402 2540 mundatur,
422 2495 537 2533 amaritudo
555 2495 648 2540 tollitur,
666 2501 776 2544 peccatum
795 2496 888 2547 fugatur,

104 2639 118 2677 ¹)
129 2639 176 2673 Vide
187 2639 214 2673 ct.
225 2636 336 2672 Tournnelli
348 2638 446 2672 Praelect.
460 2638 546 2681 theolog.
561 2638 584 2672 de
598 2639 724 2673 sacramento
738 2639 814 2673 Poenit.
824 2650 856 2683 qu.
870 2643 888 2674 6.

128 2691 164 2720 art.
174 2690 192 2720 2.
202 2706 226 2711 —
236 2688 264 2721 et.
274 2688 400 2722 Liehermann
410 2689 458 2721 Inst.
468 2689 534 2730 theog.
546 2707 570 2711 —
578 2688 616 2721 Die
625 2688 706 2721 Beichte
716 2689 742 2722 ist
751 2689 781 2722 ein
791 2690 889 2723 wesentli-

128 2736 181 2775 cher,
195 2737 233 2768 und
242 2737 260 2769 in
274 2736 308 2769 der
317 2736 452 2770 kathollschen
465 2737 536 2769 Kirohc
549 2736 617 2770 immet·
630 2737 771 2779 testgesetzter
784 2738 840 2770 Theil
854 2738 887 2771 des

126 2782 377 2818 heil.Buss-Sacra1nents.
387 2785 484 2818 Rothweil
492 2786 545 2818 1821.
558 2803 582 2808 »-
593 2787 660 2819 Kurze
670 2785 789 2819 Geschiohte
799 2787 833 2820 der
842 2787 886 2819 Kir-

127 2830 247 2874 chenbusse,
265 2835 303 2867 und
320 2834 414 2877 Apologie
433 2834 467 2867 der
485 2834 681 2868 sacramentalischen
699 2835 791 2875 Beichte,
810 2845 847 2868 von
864 2836 885 2867 P.

126 2877 250 2922 Brunnquell.
260 2882 358 2926 Bamherg
368 2883 422 2916 tait.
435 2902 459 2907 -
476 2883 513 2917 Die
521 2883 598 2924 Beicht,
608 2883 650 2917 cine
659 2884 705 2918 hist.
715 2884 809 2918 kritisohe
818 2884 885 2916 Unter-

127 2926 214 2971 suohnng
223 2938 260 2963 von
270 2932 304 2964 Dr.
313 2932 406 2964 Heinrich
415 2932 470 2965 Klee.
