<?xml version="1.0" encoding="UTF-8"?>
<!DOCTYPE html PUBLIC "-//W3C//DTD XHTML 1.0 Transitional//EN"
    "http://www.w3.org/TR/xhtml1/DTD/xhtml1-transitional.dtd">
<html xmlns="http://www.w3.org/1999/xhtml" xml:lang="en" lang="en">
 <head>
  <title>
</title>
<meta http-equiv="Content-Type" content="text/html;charset=utf-8" />
  <meta name='ocr-system' content='tesseract 3.04.00' />
  <meta name='ocr-capabilities' content='ocr_page ocr_carea ocr_par ocr_line ocrx_word'/>
</head>
<body>
  <div class='ocr_page' id='page_1' title='image "MN42038ucmf_0_0169.png"; bbox 0 0 2017 3193; ppageno 0'>
   <div class='ocr_carea' id='block_1_1' title="bbox 859 69 901 119">
    <p class='ocr_par' dir='ltr' id='par_1_1' title="bbox 859 69 901 119">
     <span class='ocr_line' id='line_1_1' title="bbox 859 69 901 119; baseline -0.024 0"><span class='ocrx_word' id='word_1_1' title='bbox 859 69 901 119; x_wconf 71' lang='lat'>127·</span> 
     </span>
    </p>
   </div>
   <div class='ocr_carea' id='block_1_2' title="bbox 93 189 902 1458">
    <p class='ocr_par' dir='ltr' id='par_1_2' title="bbox 93 189 902 1458">
     <span class='ocr_line' id='line_1_2' title="bbox 94 189 902 244; baseline -0.005 -13"><span class='ocrx_word' id='word_1_2' title='bbox 94 198 133 238; x_wconf 88' lang='lat' dir='ltr'>tes,</span> <span class='ocrx_word' id='word_1_3' title='bbox 146 192 181 231; x_wconf 85' lang='lat' dir='ltr'>aut</span> <span class='ocrx_word' id='word_1_4' title='bbox 200 192 319 230; x_wconf 81' lang='lat' dir='ltr'><strong>notabiliter</strong></span> <span class='ocrx_word' id='word_1_5' title='bbox 331 189 454 231; x_wconf 90' lang='lat' dir='ltr'>minuentes.</span> <span class='ocrx_word' id='word_1_6' title='bbox 473 192 555 230; x_wconf 89' lang='lat' dir='ltr'>Prioris</span> <span class='ocrx_word' id='word_1_7' title='bbox 570 193 656 244; x_wconf 90' lang='lat' dir='ltr'>generis</span> <span class='ocrx_word' id='word_1_8' title='bbox 668 193 717 231; x_wconf 90' lang='lat' dir='ltr'>illae</span> <span class='ocrx_word' id='word_1_9' title='bbox 730 190 835 235; x_wconf 92' lang='lat' dir='ltr'>dicuntur,</span> <span class='ocrx_word' id='word_1_10' title='bbox 850 202 902 240; x_wconf 86' lang='lat' dir='ltr'>quae</span> 
     </span>
     <span class='ocr_line' id='line_1_3' title="bbox 95 252 901 304; baseline -0.005 -13"><span class='ocrx_word' id='word_1_11' title='bbox 95 261 154 293; x_wconf 88' lang='lat' dir='ltr'>actus</span> <span class='ocrx_word' id='word_1_12' title='bbox 166 254 266 291; x_wconf 87' lang='lat' dir='ltr'>humanos</span> <span class='ocrx_word' id='word_1_13' title='bbox 284 253 414 291; x_wconf 88' lang='lat' dir='ltr'>transferunt</span> <span class='ocrx_word' id='word_1_14' title='bbox 432 253 452 289; x_wconf 94' lang='lat' dir='ltr'>in</span> <span class='ocrx_word' id='word_1_15' title='bbox 472 252 533 290; x_wconf 90' lang='lat' dir='ltr'>aliam</span> <span class='ocrx_word' id='word_1_16' title='bbox 548 254 640 302; x_wconf 90' lang='lat' dir='ltr'>speciem</span> <span class='ocrx_word' id='word_1_17' title='bbox 657 253 741 304; x_wconf 87' lang='lat' dir='ltr'>peccati</span> <span class='ocrx_word' id='word_1_18' title='bbox 753 253 777 290; x_wconf 91' lang='lat' dir='ltr'>ab</span> <span class='ocrx_word' id='word_1_19' title='bbox 790 264 822 295; x_wconf 84' lang='lat' dir='ltr'>ea,</span> <span class='ocrx_word' id='word_1_20' title='bbox 841 263 901 300; x_wconf 87' lang='lat' dir='ltr'>quam</span> 
     </span>
     <span class='ocr_line' id='line_1_4' title="bbox 94 313 902 365; baseline -0.006 -13"><span class='ocrx_word' id='word_1_21' title='bbox 94 315 171 352; x_wconf 89' lang='lat' dir='ltr'>hahent</span> <span class='ocrx_word' id='word_1_22' title='bbox 183 327 208 351; x_wconf 81' lang='lat' dir='ltr'>ex</span> <span class='ocrx_word' id='word_1_23' title='bbox 220 313 352 360; x_wconf 88' lang='lat' dir='ltr'>objectosuo.</span> <span class='ocrx_word' id='word_1_24' title='bbox 365 314 401 352; x_wconf 81' lang='lat' dir='ltr'>Sic</span> <span class='ocrx_word' id='word_1_25' title='bbox 413 314 572 352; x_wconf 79' lang='lat' dir='ltr'>circumstantia</span> <span class='ocrx_word' id='word_1_26' title='bbox 583 326 685 362; x_wconf 76' lang='lat' dir='ltr'>personae</span> <span class='ocrx_word' id='word_1_27' title='bbox 694 313 820 365; x_wconf 81' lang='lat' dir='ltr'>conjugatae</span> <span class='ocrx_word' id='word_1_28' title='bbox 833 318 902 349; x_wconf 90' lang='lat' dir='ltr'>trans-</span> 
     </span>
     <span class='ocr_line' id='line_1_5' title="bbox 94 372 902 425; baseline -0.004 -13"><span class='ocrx_word' id='word_1_29' title='bbox 94 376 136 412; x_wconf 86' lang='lat' dir='ltr'>fert</span> <span class='ocrx_word' id='word_1_30' title='bbox 153 381 263 424; x_wconf 86' lang='lat' dir='ltr'>peccatum</span> <span class='ocrx_word' id='word_1_31' title='bbox 283 376 352 412; x_wconf 88' lang='lat' dir='ltr'>earnis</span> <span class='ocrx_word' id='word_1_32' title='bbox 370 389 382 413; x_wconf 88' lang='lat' dir='ltr'>a</span> <span class='ocrx_word' id='word_1_33' title='bbox 398 373 468 425; x_wconf 90' lang='lat' dir='ltr'>specie</span> <span class='ocrx_word' id='word_1_34' title='bbox 488 372 633 411; x_wconf 83' lang='lat' dir='ltr'>fornicationis</span> <span class='ocrx_word' id='word_1_35' title='bbox 649 376 674 413; x_wconf 87' lang='lat' dir='ltr'>ad</span> <span class='ocrx_word' id='word_1_36' title='bbox 689 375 780 424; x_wconf 90' lang='lat' dir='ltr'>speciem</span> <span class='ocrx_word' id='word_1_37' title='bbox 796 373 902 417; x_wconf 87' lang='lat' dir='ltr'>adulterii,</span> 
     </span>
     <span class='ocr_line' id='line_1_6' title="bbox 94 434 902 485; baseline -0.004 -12"><span class='ocrx_word' id='word_1_38' title='bbox 94 437 142 473; x_wconf 88' lang='lat' dir='ltr'>dum</span> <span class='ocrx_word' id='word_1_39' title='bbox 159 436 215 472; x_wconf 86' lang='lat' dir='ltr'>actui</span> <span class='ocrx_word' id='word_1_40' title='bbox 230 436 326 473; x_wconf 79' lang='lat' dir='ltr'>luxuriae</span> <span class='ocrx_word' id='word_1_41' title='bbox 344 434 472 485; x_wconf 86' lang='lat' dir='ltr'>superaddit</span> <span class='ocrx_word' id='word_1_42' title='bbox 483 445 557 470; x_wconf 88' lang='lat' dir='ltr'>novam</span> <span class='ocrx_word' id='word_1_43' title='bbox 579 434 679 471; x_wconf 91' lang='lat' dir='ltr'>malitiam</span> <span class='ocrx_word' id='word_1_44' title='bbox 698 436 800 473; x_wconf 87' lang='lat' dir='ltr'>adulterii.</span> <span class='ocrx_word' id='word_1_45' title='bbox 825 434 902 472; x_wconf 86' lang='lat' dir='ltr'>Furari</span> 
     </span>
     <span class='ocr_line' id='line_1_7' title="bbox 94 492 902 545; baseline 0 -14"><span class='ocrx_word' id='word_1_46' title='bbox 94 507 140 531; x_wconf 88' lang='lat' dir='ltr'>rem</span> <span class='ocrx_word' id='word_1_47' title='bbox 151 507 234 532; x_wconf 87' lang='lat' dir='ltr'>sacram</span> <span class='ocrx_word' id='word_1_48' title='bbox 250 496 300 532; x_wconf 90' lang='lat' dir='ltr'>facit</span> <span class='ocrx_word' id='word_1_49' title='bbox 318 509 344 532; x_wconf 80' lang='lat' dir='ltr'>ex</span> <span class='ocrx_word' id='word_1_50' title='bbox 361 497 417 532; x_wconf 88' lang='lat' dir='ltr'>furto</span> <span class='ocrx_word' id='word_1_51' title='bbox 437 492 608 542; x_wconf 80' lang='lat' dir='ltr'>sacrilegiuni¹].</span> <span class='ocrx_word' id='word_1_52' title='bbox 629 493 803 531; x_wconf 75' lang='lat' dir='ltr'>Circumstantiae</span> <span class='ocrx_word' id='word_1_53' title='bbox 822 507 902 545; x_wconf 86' lang='lat' dir='ltr'>aggra-</span> 
     </span>
     <span class='ocr_line' id='line_1_8' title="bbox 93 552 901 602; baseline 0.001 -12"><span class='ocrx_word' id='word_1_54' title='bbox 93 560 167 590; x_wconf 90' lang='lat' dir='ltr'>vantes</span> <span class='ocrx_word' id='word_1_55' title='bbox 180 555 309 602; x_wconf 78' lang='lat' dir='ltr'>appellantur</span> <span class='ocrx_word' id='word_1_56' title='bbox 320 556 376 598; x_wconf 91' lang='lat' dir='ltr'>illae,</span> <span class='ocrx_word' id='word_1_57' title='bbox 389 566 441 602; x_wconf 88' lang='lat' dir='ltr'>quae</span> <span class='ocrx_word' id='word_1_58' title='bbox 453 552 553 589; x_wconf 88' lang='lat' dir='ltr'>malitiam</span> <span class='ocrx_word' id='word_1_59' title='bbox 570 558 629 589; x_wconf 88' lang='lat' dir='ltr'>actus</span> <span class='ocrx_word' id='word_1_60' title='bbox 642 565 673 593; x_wconf 81' lang='lat' dir='ltr'>¹ex</span> <span class='ocrx_word' id='word_1_61' title='bbox 690 552 769 599; x_wconf 85' lang='lat' dir='ltr'>objecto</span> <span class='ocrx_word' id='word_1_62' title='bbox 786 555 901 590; x_wconf 89' lang='lat' dir='ltr'>desumtam</span> 
     </span>
     <span class='ocr_line' id='line_1_9' title="bbox 94 611 901 665; baseline -0.001 -13"><span class='ocrx_word' id='word_1_63' title='bbox 94 615 149 652; x_wconf 91' lang='lat' dir='ltr'>intra</span> <span class='ocrx_word' id='word_1_64' title='bbox 167 614 251 653; x_wconf 90' lang='lat' dir='ltr'>eandem</span> <span class='ocrx_word' id='word_1_65' title='bbox 269 615 360 665; x_wconf 91' lang='lat' dir='ltr'>speciem</span> <span class='ocrx_word' id='word_1_66' title='bbox 378 612 462 663; x_wconf 87' lang='lat' dir='ltr'>peccati</span> <span class='ocrx_word' id='word_1_67' title='bbox 479 611 579 650; x_wconf 79' lang='lat' dir='ltr'>duntaxat</span> <span class='ocrx_word' id='word_1_68' title='bbox 597 617 730 663; x_wconf 84' lang='lat' dir='ltr'>aggravant,</span> <span class='ocrx_word' id='word_1_69' title='bbox 749 624 786 649; x_wconf 90' lang='lat' dir='ltr'>seu</span> <span class='ocrx_word' id='word_1_70' title='bbox 803 614 901 662; x_wconf 83' lang='lat' dir='ltr'>majorem</span> 
     </span>
     <span class='ocr_line' id='line_1_10' title="bbox 94 674 900 725; baseline -0.001 -12"><span class='ocrx_word' id='word_1_71' title='bbox 94 677 189 723; x_wconf 86' lang='lat' dir='ltr'>reddunt,</span> <span class='ocrx_word' id='word_1_72' title='bbox 201 689 240 714; x_wconf 94' lang='lat' dir='ltr'>non</span> <span class='ocrx_word' id='word_1_73' title='bbox 253 683 321 714; x_wconf 89' lang='lat' dir='ltr'>autem</span> <span class='ocrx_word' id='word_1_74' title='bbox 338 675 480 725; x_wconf 84' lang='lat' dir='ltr'>superaddunt</span> <span class='ocrx_word' id='word_1_75' title='bbox 492 686 566 711; x_wconf 90' lang='lat' dir='ltr'>novam</span> <span class='ocrx_word' id='word_1_76' title='bbox 583 674 676 723; x_wconf 86' lang='lat' dir='ltr'>speciem</span> <span class='ocrx_word' id='word_1_77' title='bbox 694 674 813 711; x_wconf 81' lang='lat' dir='ltr'>distinctam</span> <span class='ocrx_word' id='word_1_78' title='bbox 826 676 850 711; x_wconf 91' lang='lat' dir='ltr'>ab</span> <span class='ocrx_word' id='word_1_79' title='bbox 869 688 900 720; x_wconf 86' lang='lat' dir='ltr'>ea,</span> 
     </span>
     <span class='ocr_line' id='line_1_11' title="bbox 95 735 901 791; baseline -0.002 -13"><span class='ocrx_word' id='word_1_80' title='bbox 95 752 155 791; x_wconf 88' lang='lat' dir='ltr'>quam</span> <span class='ocrx_word' id='word_1_81' title='bbox 167 746 226 780; x_wconf 85' lang='lat' dir='ltr'>actus</span> <span class='ocrx_word' id='word_1_82' title='bbox 237 740 300 779; x_wconf 83' lang='lat' dir='ltr'>habet</span> <span class='ocrx_word' id='word_1_83' title='bbox 311 751 337 777; x_wconf 80' lang='lat' dir='ltr'>ex</span> <span class='ocrx_word' id='word_1_84' title='bbox 348 737 437 787; x_wconf 86' lang='lat' dir='ltr'>objecto.</span> <span class='ocrx_word' id='word_1_85' title='bbox 450 737 487 776; x_wconf 83' lang='lat' dir='ltr'>Sic</span> <span class='ocrx_word' id='word_1_86' title='bbox 499 737 586 789; x_wconf 85' lang='lat' dir='ltr'>gravius</span> <span class='ocrx_word' id='word_1_87' title='bbox 600 742 632 775; x_wconf 89' lang='lat' dir='ltr'>est</span> <span class='ocrx_word' id='word_1_88' title='bbox 643 737 722 775; x_wconf 87' lang='lat' dir='ltr'>furtum</span> <span class='ocrx_word' id='word_1_89' title='bbox 735 735 786 785; x_wconf 90' lang='lat' dir='ltr'>ejus,</span> <span class='ocrx_word' id='word_1_90' title='bbox 800 736 833 788; x_wconf 87' lang='lat' dir='ltr'>qui</span> <span class='ocrx_word' id='word_1_91' title='bbox 845 736 901 776; x_wconf 83' lang='lat' dir='ltr'>fura-</span> 
     </span>
     <span class='ocr_line' id='line_1_12' title="bbox 94 799 901 855; baseline -0.004 -14"><span class='ocrx_word' id='word_1_92' title='bbox 94 809 129 841; x_wconf 93' lang='lat' dir='ltr'>tur</span> <span class='ocrx_word' id='word_1_93' title='bbox 139 802 215 855; x_wconf 91' lang='lat' dir='ltr'>viginti</span> <span class='ocrx_word' id='word_1_94' title='bbox 233 804 334 846; x_wconf 85' lang='lat' dir='ltr'>florenos,</span> <span class='ocrx_word' id='word_1_95' title='bbox 347 813 407 852; x_wconf 83' lang='lat' dir='ltr'>quam</span> <span class='ocrx_word' id='word_1_96' title='bbox 424 800 458 852; x_wconf 90' lang='lat' dir='ltr'>qui</span> <span class='ocrx_word' id='word_1_97' title='bbox 475 799 557 838; x_wconf 84' lang='lat' dir='ltr'>furatur</span> <span class='ocrx_word' id='word_1_98' title='bbox 569 806 614 838; x_wconf 89' lang='lat' dir='ltr'>tres</span> <span class='ocrx_word' id='word_1_99' title='bbox 620 815 626 846; x_wconf 69' lang='grc' dir='ltr'><strong><em>ς</em></strong></span> <span class='ocrx_word' id='word_1_100' title='bbox 645 800 732 852; x_wconf 83' lang='lat' dir='ltr'>gravior</span> <span class='ocrx_word' id='word_1_101' title='bbox 750 806 782 838; x_wconf 88' lang='lat' dir='ltr'>est</span> <span class='ocrx_word' id='word_1_102' title='bbox 799 800 901 839; x_wconf 81' lang='lat' dir='ltr'>detractio</span> 
     </span>
     <span class='ocr_line' id='line_1_13' title="bbox 95 862 886 914; baseline -0.005 -11"><span class='ocrx_word' id='word_1_103' title='bbox 95 878 120 903; x_wconf 83' lang='lat' dir='ltr'>ex</span> <span class='ocrx_word' id='word_1_104' title='bbox 132 865 246 914; x_wconf 88' lang='lat' dir='ltr'>proposito,</span> <span class='ocrx_word' id='word_1_105' title='bbox 259 876 319 914; x_wconf 91' lang='lat' dir='ltr'>quam</span> <span class='ocrx_word' id='word_1_106' title='bbox 331 875 357 900; x_wconf 83' lang='lat' dir='ltr'>ex</span> <span class='ocrx_word' id='word_1_107' title='bbox 368 863 454 901; x_wconf 81' lang='lat' dir='ltr'>levitate</span> <span class='ocrx_word' id='word_1_108' title='bbox 467 862 529 900; x_wconf 86' lang='lat' dir='ltr'>animi</span> <span class='ocrx_word' id='word_1_109' title='bbox 540 863 603 901; x_wconf 83' lang='lat' dir='ltr'>facta.</span> <span class='ocrx_word' id='word_1_110' title='bbox 884 873 886 876; x_wconf 81' lang='grc'><strong>’</strong></span> 
     </span>
     <span class='ocr_line' id='line_1_14' title="bbox 167 923 901 974; baseline -0.004 -10"><span class='ocrx_word' id='word_1_111' title='bbox 167 923 188 964; x_wconf 75' lang='grc'>2.</span> <span class='ocrx_word' id='word_1_112' title='bbox 202 926 260 974; x_wconf 81' lang='lat' dir='ltr'>Quod</span> <span class='ocrx_word' id='word_1_113' title='bbox 272 924 443 963; x_wconf 86' lang='lat' dir='ltr'>circumstantias</span> <span class='ocrx_word' id='word_1_114' title='bbox 455 923 547 973; x_wconf 93' lang='lat' dir='ltr'>speciem</span> <span class='ocrx_word' id='word_1_115' title='bbox 559 929 664 961; x_wconf 82' lang='lat' dir='ltr'>mutantes</span> <span class='ocrx_word' id='word_1_116' title='bbox 678 924 759 968; x_wconf 90' lang='lat' dir='ltr'>attinet,</span> <span class='ocrx_word' id='word_1_117' title='bbox 772 936 808 961; x_wconf 89' lang='lat' dir='ltr'>eas</span> <span class='ocrx_word' id='word_1_118' title='bbox 819 923 840 960; x_wconf 92' lang='lat' dir='ltr'>in</span> <span class='ocrx_word' id='word_1_119' title='bbox 853 936 901 961; x_wconf 92' lang='lat' dir='ltr'>con·</span> 
     </span>
     <span class='ocr_line' id='line_1_15' title="bbox 94 984 901 1036; baseline -0.002 -12"><span class='ocrx_word' id='word_1_120' title='bbox 94 988 185 1025; x_wconf 79' lang='lat' dir='ltr'>fossione</span> <span class='ocrx_word' id='word_1_121' title='bbox 198 986 321 1036; x_wconf 88' lang='lat' dir='ltr'>aperiendas</span> <span class='ocrx_word' id='word_1_122' title='bbox 334 997 382 1022; x_wconf 88' lang='lat' dir='ltr'>esse</span> <span class='ocrx_word' id='word_1_123' title='bbox 395 985 509 1023; x_wconf 75' lang='lat' dir='ltr'>Concilium</span> <span class='ocrx_word' id='word_1_124' title='bbox 523 985 667 1023; x_wconf 80' lang='lat' dir='ltr'>Tridentiuum</span> <span class='ocrx_word' id='word_1_125' title='bbox 679 991 713 1023; x_wconf 93' lang='lat' dir='ltr'>sat</span> <span class='ocrx_word' id='word_1_126' title='bbox 730 985 787 1023; x_wconf 83' lang='lat' dir='ltr'>clare</span> <span class='ocrx_word' id='word_1_127' title='bbox 805 985 866 1023; x_wconf 89' lang='lat' dir='ltr'>docet</span> <span class='ocrx_word' id='word_1_128' title='bbox 874 984 901 1032; x_wconf 81' lang='lat'>²),</span> 
     </span>
     <span class='ocr_line' id='line_1_16' title="bbox 95 1046 902 1097; baseline -0.004 -10"><span class='ocrx_word' id='word_1_129' title='bbox 95 1055 116 1087; x_wconf 92' lang='lat' dir='ltr'>ut</span> <span class='ocrx_word' id='word_1_130' title='bbox 128 1055 148 1086; x_wconf 92' lang='lat' dir='ltr'>et</span> <span class='ocrx_word' id='word_1_131' title='bbox 160 1046 304 1086; x_wconf 80' lang='lat' dir='ltr'>confessarIus</span> <span class='ocrx_word' id='word_1_132' title='bbox 315 1046 455 1096; x_wconf 90' lang='lat' dir='ltr'>poenitentem</span> <span class='ocrx_word' id='word_1_133' title='bbox 464 1046 505 1083; x_wconf 89' lang='lat' dir='ltr'>rite</span> <span class='ocrx_word' id='word_1_134' title='bbox 518 1046 623 1095; x_wconf 89' lang='lat' dir='ltr'>dijudicet,</span> <span class='ocrx_word' id='word_1_135' title='bbox 634 1046 733 1092; x_wconf 89' lang='lat' dir='ltr'>instruat,</span> <span class='ocrx_word' id='word_1_136' title='bbox 744 1052 829 1084; x_wconf 90' lang='lat' dir='ltr'>moneat</span> <span class='ocrx_word' id='word_1_137' title='bbox 840 1052 902 1097; x_wconf 89' lang='lat' dir='ltr'>atque</span> 
     </span>
     <span class='ocr_line' id='line_1_17' title="bbox 94 1107 901 1156; baseline -0.002 -9"><span class='ocrx_word' id='word_1_138' title='bbox 94 1109 196 1147; x_wconf 87' lang='lat' dir='ltr'>emendet.</span> <span class='ocrx_word' id='word_1_139' title='bbox 210 1107 308 1156; x_wconf 82' lang='lat' dir='ltr'>Quamvis</span> <span class='ocrx_word' id='word_1_140' title='bbox 322 1113 391 1145; x_wconf 89' lang='lat' dir='ltr'>autem</span> <span class='ocrx_word' id='word_1_141' title='bbox 403 1107 520 1145; x_wconf 75' lang='lat' dir='ltr'>Concilium</span> <span class='ocrx_word' id='word_1_142' title='bbox 531 1114 611 1145; x_wconf 88' lang='lat' dir='ltr'>tantum</span> <span class='ocrx_word' id='word_1_143' title='bbox 622 1108 747 1145; x_wconf 90' lang='lat' dir='ltr'>mentionem</span> <span class='ocrx_word' id='word_1_144' title='bbox 759 1108 811 1146; x_wconf 88' lang='lat' dir='ltr'>facit</span> <span class='ocrx_word' id='word_1_145' title='bbox 822 1108 846 1145; x_wconf 91' lang='lat' dir='ltr'>de</span> <span class='ocrx_word' id='word_1_146' title='bbox 860 1108 901 1145; x_wconf 91' lang='lat' dir='ltr'>cir-</span> 
     </span>
     <span class='ocr_line' id='line_1_18' title="bbox 95 1168 902 1218; baseline -0.001 -12"><span class='ocrx_word' id='word_1_147' title='bbox 95 1169 227 1207; x_wconf 85' lang='lat' dir='ltr'>cumstantiis</span> <span class='ocrx_word' id='word_1_148' title='bbox 238 1168 331 1217; x_wconf 90' lang='lat' dir='ltr'>speciem</span> <span class='ocrx_word' id='word_1_149' title='bbox 342 1169 477 1212; x_wconf 90' lang='lat' dir='ltr'>mutantibus,</span> <span class='ocrx_word' id='word_1_150' title='bbox 490 1174 558 1206; x_wconf 88' lang='lat' dir='ltr'>tamen</span> <span class='ocrx_word' id='word_1_151' title='bbox 569 1169 670 1214; x_wconf 86' lang='lat' dir='ltr'>rationes,</span> <span class='ocrx_word' id='word_1_152' title='bbox 689 1181 741 1218; x_wconf 85' lang='lat' dir='ltr'>quac</span> <span class='ocrx_word' id='word_1_153' title='bbox 760 1168 842 1217; x_wconf 83' lang='lat' dir='ltr'>probis</span> <span class='ocrx_word' id='word_1_154' title='bbox 855 1180 902 1218; x_wconf 91' lang='lat' dir='ltr'>ape-</span> 
     </span>
     <span class='ocr_line' id='line_1_19' title="bbox 94 1229 901 1279; baseline -0.001 -13"><span class='ocrx_word' id='word_1_155' title='bbox 94 1229 172 1266; x_wconf 86' lang='lat' dir='ltr'>riendis</span> <span class='ocrx_word' id='word_1_156' title='bbox 184 1229 280 1272; x_wconf 87' lang='lat' dir='ltr'>militant,</span> <span class='ocrx_word' id='word_1_157' title='bbox 298 1229 360 1266; x_wconf 88' lang='lat' dir='ltr'>etiam</span> <span class='ocrx_word' id='word_1_158' title='bbox 371 1240 409 1276; x_wconf 90' lang='lat' dir='ltr'>pro</span> <span class='ocrx_word' id='word_1_159' title='bbox 425 1229 589 1267; x_wconf 87' lang='lat' dir='ltr'>circumstantiis</span> <span class='ocrx_word' id='word_1_160' title='bbox 600 1229 668 1266; x_wconf 91' lang='lat' dir='ltr'>solum</span> <span class='ocrx_word' id='word_1_161' title='bbox 687 1229 854 1279; x_wconf 80' lang='lat' dir='ltr'>aggravantibus</span> <span class='ocrx_word' id='word_1_162' title='bbox 865 1241 901 1266; x_wconf 91' lang='lat' dir='ltr'>va-</span> 
     </span>
     <span class='ocr_line' id='line_1_20' title="bbox 94 1287 902 1338; baseline 0.001 -13"><span class='ocrx_word' id='word_1_163' title='bbox 94 1290 143 1326; x_wconf 91' lang='lat' dir='ltr'>lent.</span> <span class='ocrx_word' id='word_1_164' title='bbox 156 1289 208 1326; x_wconf 78' lang='lat' dir='ltr'>Nam</span> <span class='ocrx_word' id='word_1_165' title='bbox 220 1289 265 1325; x_wconf 92' lang='lat' dir='ltr'>sine</span> <span class='ocrx_word' id='word_1_166' title='bbox 276 1287 309 1325; x_wconf 91' lang='lat' dir='ltr'>his</span> <span class='ocrx_word' id='word_1_167' title='bbox 320 1294 430 1337; x_wconf 89' lang='lat' dir='ltr'>peccatum</span> <span class='ocrx_word' id='word_1_168' title='bbox 442 1301 508 1337; x_wconf 87' lang='lat' dir='ltr'>neque</span> <span class='ocrx_word' id='word_1_169' title='bbox 525 1289 609 1338; x_wconf 88' lang='lat' dir='ltr'>integre</span> <span class='ocrx_word' id='word_1_170' title='bbox 625 1289 746 1337; x_wconf 78' lang='lat' dir='ltr'>exponitur,</span> <span class='ocrx_word' id='word_1_171' title='bbox 761 1301 838 1337; x_wconf 84' lang='lat' dir='ltr'>neque,</span> <span class='ocrx_word' id='word_1_172' title='bbox 855 1288 902 1326; x_wconf 92' lang='lat' dir='ltr'>dum</span> 
     </span>
     <span class='ocr_line' id='line_1_21' title="bbox 94 1347 901 1397; baseline 0 -12"><span class='ocrx_word' id='word_1_173' title='bbox 94 1348 230 1397; x_wconf 86' lang='lat' dir='ltr'>supprimitur</span> <span class='ocrx_word' id='word_1_174' title='bbox 246 1347 325 1384; x_wconf 90' lang='lat' dir='ltr'>malitia</span> <span class='ocrx_word' id='word_1_175' title='bbox 342 1348 447 1391; x_wconf 88' lang='lat' dir='ltr'>mortalis,</span> <span class='ocrx_word' id='word_1_176' title='bbox 464 1359 524 1396; x_wconf 88' lang='lat' dir='ltr'>quam</span> <span class='ocrx_word' id='word_1_177' title='bbox 541 1359 686 1396; x_wconf 84' lang='lat' dir='ltr'>nonnunquam</span> <span class='ocrx_word' id='word_1_178' title='bbox 703 1354 789 1397; x_wconf 86' lang='lat' dir='ltr'>peccato</span> <span class='ocrx_word' id='word_1_179' title='bbox 812 1348 901 1385; x_wconf 90' lang='lat' dir='ltr'>circum·</span> 
     </span>
     <span class='ocr_line' id='line_1_22' title="bbox 95 1407 901 1458; baseline -0.001 -13"><span class='ocrx_word' id='word_1_180' title='bbox 95 1408 184 1445; x_wconf 88' lang='lat' dir='ltr'>stantiae</span> <span class='ocrx_word' id='word_1_181' title='bbox 197 1407 279 1451; x_wconf 84' lang='lat' dir='ltr'>addunt,</span> <span class='ocrx_word' id='word_1_182' title='bbox 296 1429 325 1433; x_wconf 87' lang='lat'>—</span> <span class='ocrx_word' id='word_1_183' title='bbox 339 1407 369 1443; x_wconf 93' lang='lat' dir='ltr'>ita</span> <span class='ocrx_word' id='word_1_184' title='bbox 380 1407 486 1445; x_wconf 85' lang='lat' dir='ltr'>sacerdoti</span> <span class='ocrx_word' id='word_1_185' title='bbox 500 1407 620 1451; x_wconf 81' lang='lat' dir='ltr'>innotescit,</span> <span class='ocrx_word' id='word_1_186' title='bbox 637 1414 660 1444; x_wconf 92' lang='lat' dir='ltr'>ut</span> <span class='ocrx_word' id='word_1_187' title='bbox 674 1420 712 1457; x_wconf 93' lang='lat' dir='ltr'>pro</span> <span class='ocrx_word' id='word_1_188' title='bbox 725 1408 819 1445; x_wconf 85' lang='lat' dir='ltr'>criminis</span> <span class='ocrx_word' id='word_1_189' title='bbox 831 1408 901 1458; x_wconf 83' lang='lat' dir='ltr'>gravi-</span> 
     </span>
    </p>
   </div>
   <div class='ocr_carea' id='block_1_3' title="bbox 94 1468 961 1519">
    <p class='ocr_par' dir='ltr' id='par_1_3' title="bbox 94 1468 961 1519">
     <span class='ocr_line' id='line_1_23' title="bbox 94 1468 961 1519; baseline 0.001 -12"><span class='ocrx_word' id='word_1_190' title='bbox 94 1476 136 1507; x_wconf 88' lang='lat' dir='ltr'>tate</span> <span class='ocrx_word' id='word_1_191' title='bbox 152 1482 176 1507; x_wconf 89' lang='lat' dir='ltr'>ac</span> <span class='ocrx_word' id='word_1_192' title='bbox 193 1475 250 1507; x_wconf 87' lang='lat' dir='ltr'>statu</span> <span class='ocrx_word' id='word_1_193' title='bbox 265 1468 340 1507; x_wconf 89' lang='lat' dir='ltr'>morali</span> <span class='ocrx_word' id='word_1_194' title='bbox 356 1468 482 1518; x_wconf 90' lang='lat' dir='ltr'>poenitentis</span> <span class='ocrx_word' id='word_1_195' title='bbox 494 1475 553 1508; x_wconf 89' lang='lat' dir='ltr'>recte</span> <span class='ocrx_word' id='word_1_196' title='bbox 566 1469 674 1518; x_wconf 89' lang='lat' dir='ltr'>judicare,</span> <span class='ocrx_word' id='word_1_197' title='bbox 690 1475 725 1507; x_wconf 90' lang='lat' dir='ltr'>aut</span> <span class='ocrx_word' id='word_1_198' title='bbox 740 1481 778 1519; x_wconf 94' lang='lat' dir='ltr'>pro</span> <span class='ocrx_word' id='word_1_199' title='bbox 800 1469 836 1507; x_wconf 93' lang='lat' dir='ltr'>illo</span> <span class='ocrx_word' id='word_1_200' title='bbox 853 1481 901 1508; x_wconf 84' lang='lat' dir='ltr'>con·</span> <span class='ocrx_word' id='word_1_201' title='bbox 959 1502 961 1507; x_wconf 96' lang='lat'><em>.</em></span> 
     </span>
    </p>
   </div>
   <div class='ocr_carea' id='block_1_4' title="bbox 55 1529 903 2750">
    <p class='ocr_par' dir='ltr' id='par_1_4' title="bbox 55 1529 902 2135">
     <span class='ocr_line' id='line_1_24' title="bbox 95 1529 900 1584; baseline 0.001 -14"><span class='ocrx_word' id='word_1_202' title='bbox 95 1536 206 1584; x_wconf 87' lang='lat' dir='ltr'>gruentem</span> <span class='ocrx_word' id='word_1_203' title='bbox 216 1529 365 1581; x_wconf 90' lang='lat' dir='ltr'>poenitentiam</span> <span class='ocrx_word' id='word_1_204' title='bbox 376 1530 483 1582; x_wconf 83' lang='lat' dir='ltr'>imponere</span> <span class='ocrx_word' id='word_1_205' title='bbox 494 1530 568 1581; x_wconf 86' lang='lat' dir='ltr'>possit.</span> <span class='ocrx_word' id='word_1_206' title='bbox 583 1529 633 1581; x_wconf 80' lang='lat' dir='ltr'>Quis</span> <span class='ocrx_word' id='word_1_207' title='bbox 645 1543 664 1570; x_wconf 88' lang='grc' dir='ltr'>ν.</span> <span class='ocrx_word' id='word_1_208' title='bbox 677 1544 697 1583; x_wconf 89' lang='lat' dir='ltr'>g.</span> <span class='ocrx_word' id='word_1_209' title='bbox 710 1542 750 1570; x_wconf 95' lang='lat' dir='ltr'>non</span> <span class='ocrx_word' id='word_1_210' title='bbox 761 1530 825 1577; x_wconf 89' lang='lat' dir='ltr'>videt,</span> <span class='ocrx_word' id='word_1_211' title='bbox 837 1531 900 1582; x_wconf 91' lang='lat' dir='ltr'>majo·</span> 
     </span>
     <span class='ocr_line' id='line_1_25' title="bbox 95 1594 902 1647; baseline 0 -14"><span class='ocrx_word' id='word_1_212' title='bbox 95 1608 139 1633; x_wconf 92' lang='lat' dir='ltr'>rem</span> <span class='ocrx_word' id='word_1_213' title='bbox 157 1595 258 1634; x_wconf 89' lang='lat' dir='ltr'>malitiam</span> <span class='ocrx_word' id='word_1_214' title='bbox 276 1607 323 1633; x_wconf 87' lang='lat' dir='ltr'>esse</span> <span class='ocrx_word' id='word_1_215' title='bbox 339 1595 362 1632; x_wconf 89' lang='lat' dir='ltr'>in</span> <span class='ocrx_word' id='word_1_216' title='bbox 381 1607 415 1641; x_wconf 85' lang='lat' dir='ltr'>eo,</span> <span class='ocrx_word' id='word_1_217' title='bbox 435 1594 469 1646; x_wconf 87' lang='lat' dir='ltr'>qui</span> <span class='ocrx_word' id='word_1_218' title='bbox 488 1601 510 1632; x_wconf 90' lang='lat' dir='ltr'>ut</span> <span class='ocrx_word' id='word_1_219' title='bbox 527 1594 631 1633; x_wconf 90' lang='lat' dir='ltr'>hominem</span> <span class='ocrx_word' id='word_1_220' title='bbox 647 1594 768 1641; x_wconf 88' lang='lat' dir='ltr'>interficiat,</span> <span class='ocrx_word' id='word_1_221' title='bbox 787 1595 845 1647; x_wconf 90' lang='lat' dir='ltr'>prius</span> <span class='ocrx_word' id='word_1_222' title='bbox 862 1594 902 1647; x_wconf 87' lang='lat' dir='ltr'>ipsi</span> 
     </span>
     <span class='ocr_line' id='line_1_26' title="bbox 96 1656 901 1708; baseline 0 -12"><span class='ocrx_word' id='word_1_223' title='bbox 96 1664 189 1707; x_wconf 88' lang='lat' dir='ltr'>amputat</span> <span class='ocrx_word' id='word_1_224' title='bbox 199 1656 287 1696; x_wconf 89' lang='lat' dir='ltr'>brachia</span> <span class='ocrx_word' id='word_1_225' title='bbox 305 1664 326 1695; x_wconf 91' lang='lat' dir='ltr'>et</span> <span class='ocrx_word' id='word_1_226' title='bbox 340 1657 411 1707; x_wconf 82' lang='lat' dir='ltr'>pedes,</span> <span class='ocrx_word' id='word_1_227' title='bbox 428 1664 449 1695; x_wconf 92' lang='lat' dir='ltr'>et</span> <span class='ocrx_word' id='word_1_228' title='bbox 463 1658 536 1696; x_wconf 87' lang='lat' dir='ltr'>oculos</span> <span class='ocrx_word' id='word_1_229' title='bbox 551 1658 629 1702; x_wconf 84' lang='lat' dir='ltr'>effodit,</span> <span class='ocrx_word' id='word_1_230' title='bbox 648 1670 708 1708; x_wconf 90' lang='lat' dir='ltr'>quam</span> <span class='ocrx_word' id='word_1_231' title='bbox 722 1658 743 1695; x_wconf 91' lang='lat' dir='ltr'>in</span> <span class='ocrx_word' id='word_1_232' title='bbox 760 1671 792 1704; x_wconf 86' lang='lat' dir='ltr'>eo,</span> <span class='ocrx_word' id='word_1_233' title='bbox 809 1658 843 1708; x_wconf 81' lang='lat' dir='ltr'>qui</span> <span class='ocrx_word' id='word_1_234' title='bbox 857 1659 901 1696; x_wconf 92' lang='lat' dir='ltr'>solo</span> 
     </span>
     <span class='ocr_line' id='line_1_27' title="bbox 95 1719 901 1770; baseline 0.002 -14"><span class='ocrx_word' id='word_1_235' title='bbox 95 1720 138 1758; x_wconf 89' lang='lat' dir='ltr'>ictu</span> <span class='ocrx_word' id='word_1_236' title='bbox 157 1720 245 1757; x_wconf 90' lang='lat' dir='ltr'>alterum</span> <span class='ocrx_word' id='word_1_237' title='bbox 264 1719 346 1757; x_wconf 89' lang='lat' dir='ltr'>occidit.</span> <span class='ocrx_word' id='word_1_238' title='bbox 364 1719 419 1758; x_wconf 89' lang='lat' dir='ltr'>Hinc</span> <span class='ocrx_word' id='word_1_239' title='bbox 441 1719 586 1757; x_wconf 77' lang='lat' dir='ltr'>catechismus</span> <span class='ocrx_word' id='word_1_240' title='bbox 603 1720 710 1758; x_wconf 87' lang='lat' dir='ltr'>Romanus</span> <span class='ocrx_word' id='word_1_241' title='bbox 726 1720 796 1759; x_wconf 88' lang='lat' dir='ltr'>docet:</span> <span class='ocrx_word' id='word_1_242' title='bbox 817 1720 901 1770; x_wconf 78' lang='lat' dir='ltr'>„Neque</span> 
     </span>
     <span class='ocr_line' id='line_1_28' title="bbox 96 1781 900 1830; baseline 0 -12"><span class='ocrx_word' id='word_1_243' title='bbox 96 1781 162 1818; x_wconf 88' lang='lat' dir='ltr'>solum</span> <span class='ocrx_word' id='word_1_244' title='bbox 173 1787 261 1830; x_wconf 89' lang='lat' dir='ltr'>peccata</span> <span class='ocrx_word' id='word_1_245' title='bbox 273 1781 348 1830; x_wconf 88' lang='lat' dir='ltr'>gravia</span> <span class='ocrx_word' id='word_1_246' title='bbox 359 1781 464 1818; x_wconf 87' lang='lat' dir='ltr'>narrando</span> <span class='ocrx_word' id='word_1_247' title='bbox 477 1781 583 1830; x_wconf 80' lang='lat' dir='ltr'>explicare</span> <span class='ocrx_word' id='word_1_248' title='bbox 596 1788 685 1830; x_wconf 88' lang='lat' dir='ltr'>oportet,</span> <span class='ocrx_word' id='word_1_249' title='bbox 696 1793 770 1819; x_wconf 90' lang='lat' dir='ltr'>verum</span> <span class='ocrx_word' id='word_1_250' title='bbox 782 1781 844 1819; x_wconf 90' lang='lat' dir='ltr'>etiam</span> <span class='ocrx_word' id='word_1_251' title='bbox 856 1781 900 1826; x_wconf 91' lang='lat' dir='ltr'>illa,</span> 
     </span>
     <span class='ocr_line' id='line_1_29' title="bbox 96 1841 901 1894; baseline 0.002 -15"><span class='ocrx_word' id='word_1_252' title='bbox 96 1855 148 1892; x_wconf 89' lang='lat' dir='ltr'>quae</span> <span class='ocrx_word' id='word_1_253' title='bbox 166 1854 228 1880; x_wconf 90' lang='lat' dir='ltr'>unmu</span> <span class='ocrx_word' id='word_1_254' title='bbox 245 1841 339 1892; x_wconf 84' lang='lat' dir='ltr'>quodque</span> <span class='ocrx_word' id='word_1_255' title='bbox 357 1848 465 1891; x_wconf 87' lang='lat' dir='ltr'>peccatum</span> <span class='ocrx_word' id='word_1_256' title='bbox 489 1842 633 1887; x_wconf 87' lang='lat' dir='ltr'>circumstant,</span> <span class='ocrx_word' id='word_1_257' title='bbox 655 1849 675 1880; x_wconf 92' lang='lat' dir='ltr'>et</span> <span class='ocrx_word' id='word_1_258' title='bbox 694 1843 821 1894; x_wconf 87' lang='lat' dir='ltr'>gravitatem</span> <span class='ocrx_word' id='word_1_259' title='bbox 841 1843 901 1881; x_wconf 89' lang='lat' dir='ltr'>valde</span> 
     </span>
     <span class='ocr_line' id='line_1_30' title="bbox 55 1901 901 1954; baseline 0.002 -16"><span class='ocrx_word' id='word_1_260' title='bbox 55 1936 57 1938; x_wconf 74' lang='grc'><strong>,</strong></span> <span class='ocrx_word' id='word_1_261' title='bbox 96 1909 175 1954; x_wconf 89' lang='lat' dir='ltr'>augent</span> <span class='ocrx_word' id='word_1_262' title='bbox 186 1909 221 1941; x_wconf 85' lang='lat' dir='ltr'>aut</span> <span class='ocrx_word' id='word_1_263' title='bbox 236 1903 341 1940; x_wconf 70' lang='lat' dir='ltr'>minuunt⁵⁹</span> <span class='ocrx_word' id='word_1_264' title='bbox 352 1901 378 1950; x_wconf 80' lang='lat'>³).</span> <span class='ocrx_word' id='word_1_265' title='bbox 395 1904 484 1953; x_wconf 91' lang='lat' dir='ltr'>ldipsum</span> <span class='ocrx_word' id='word_1_266' title='bbox 500 1904 609 1941; x_wconf 87' lang='lat' dir='ltr'>confirmat</span> <span class='ocrx_word' id='word_1_267' title='bbox 623 1904 694 1953; x_wconf 86' lang='lat' dir='ltr'>praxis</span> <span class='ocrx_word' id='word_1_268' title='bbox 710 1905 833 1947; x_wconf 83' lang='lat' dir='ltr'>Ecclesiae,</span> <span class='ocrx_word' id='word_1_269' title='bbox 850 1916 901 1953; x_wconf 86' lang='lat' dir='ltr'>quae</span> 
     </span>
     <span class='ocr_line' id='line_1_31' title="bbox 97 1964 901 2016; baseline 0.001 -15"><span class='ocrx_word' id='word_1_270' title='bbox 97 1965 204 2013; x_wconf 85' lang='lat' dir='ltr'>aliquando</span> <span class='ocrx_word' id='word_1_271' title='bbox 222 1971 321 2002; x_wconf 90' lang='lat' dir='ltr'>reservat</span> <span class='ocrx_word' id='word_1_272' title='bbox 334 1970 422 2013; x_wconf 89' lang='lat' dir='ltr'>peccata</span> <span class='ocrx_word' id='word_1_273' title='bbox 436 1970 522 2014; x_wconf 88' lang='lat' dir='ltr'>propter</span> <span class='ocrx_word' id='word_1_274' title='bbox 538 1964 718 2003; x_wconf 88' lang='lat' dir='ltr'>circumstantiam</span> <span class='ocrx_word' id='word_1_275' title='bbox 740 1970 901 2016; x_wconf 86' lang='lat' dir='ltr'>aggravantem,</span> 
     </span>
     <span class='ocr_line' id='line_1_32' title="bbox 96 2025 901 2074; baseline 0.002 -13"><span class='ocrx_word' id='word_1_276' title='bbox 96 2032 117 2062; x_wconf 87' lang='lat' dir='ltr'>ct</span> <span class='ocrx_word' id='word_1_277' title='bbox 128 2031 211 2062; x_wconf 90' lang='lat' dir='ltr'>constat</span> <span class='ocrx_word' id='word_1_278' title='bbox 222 2037 248 2062; x_wconf 84' lang='lat' dir='ltr'>ex</span> <span class='ocrx_word' id='word_1_279' title='bbox 259 2025 328 2062; x_wconf 90' lang='lat' dir='ltr'>multis</span> <span class='ocrx_word' id='word_1_280' title='bbox 342 2025 524 2074; x_wconf 88' lang='lat' dir='ltr'>poenitentialibus</span> <span class='ocrx_word' id='word_1_281' title='bbox 536 2032 557 2063; x_wconf 89' lang='lat' dir='ltr'>et</span> <span class='ocrx_word' id='word_1_282' title='bbox 572 2026 682 2063; x_wconf 90' lang='lat' dir='ltr'>ritualibus</span> <span class='ocrx_word' id='word_1_283' title='bbox 698 2025 772 2071; x_wconf 88' lang='lat' dir='ltr'>libris,</span> <span class='ocrx_word' id='word_1_284' title='bbox 789 2033 833 2064; x_wconf 90' lang='lat' dir='ltr'>tum</span> <span class='ocrx_word' id='word_1_285' title='bbox 848 2026 901 2063; x_wconf 89' lang='lat' dir='ltr'>anti-</span> 
     </span>
     <span class='ocr_line' id='line_1_33' title="bbox 97 2085 378 2135; baseline -0.004 -12"><span class='ocrx_word' id='word_1_286' title='bbox 97 2085 150 2135; x_wconf 86' lang='lat' dir='ltr'>quis,</span> <span class='ocrx_word' id='word_1_287' title='bbox 162 2091 206 2122; x_wconf 90' lang='lat' dir='ltr'>tum</span> <span class='ocrx_word' id='word_1_288' title='bbox 217 2085 378 2122; x_wconf 89' lang='lat' dir='ltr'>recentioribus.</span> 
     </span>
    </p>

    <p class='ocr_par' dir='ltr' id='par_1_5' title="bbox 95 2141 903 2750">
     <span class='ocr_line' id='line_1_34' title="bbox 172 2141 903 2194; baseline 0.004 -12"><span class='ocrx_word' id='word_1_289' title='bbox 172 2141 192 2182; x_wconf 84' lang='lat'>3.</span> <span class='ocrx_word' id='word_1_290' title='bbox 205 2144 388 2188; x_wconf 69' lang='lat' dir='ltr'>circumstantiae,</span> <span class='ocrx_word' id='word_1_291' title='bbox 400 2157 452 2194; x_wconf 84' lang='lat' dir='ltr'>quae</span> <span class='ocrx_word' id='word_1_292' title='bbox 464 2145 489 2181; x_wconf 90' lang='lat' dir='ltr'>ad</span> <span class='ocrx_word' id='word_1_293' title='bbox 501 2146 604 2182; x_wconf 89' lang='lat' dir='ltr'>actionem</span> <span class='ocrx_word' id='word_1_294' title='bbox 615 2146 716 2183; x_wconf 89' lang='lat' dir='ltr'>moralem</span> <span class='ocrx_word' id='word_1_295' title='bbox 728 2147 783 2183; x_wconf 92' lang='lat' dir='ltr'>nullo</span> <span class='ocrx_word' id='word_1_296' title='bbox 794 2147 854 2184; x_wconf 88' lang='lat' dir='ltr'>modo</span> <span class='ocrx_word' id='word_1_297' title='bbox 867 2154 903 2186; x_wconf 91' lang='lat' dir='ltr'>aut</span> 
     </span>
     <span class='ocr_line' id='line_1_35' title="bbox 95 2204 901 2256; baseline 0.004 -15"><span class='ocrx_word' id='word_1_298' title='bbox 95 2205 170 2242; x_wconf 90' lang='lat' dir='ltr'>leviter</span> <span class='ocrx_word' id='word_1_299' title='bbox 187 2210 295 2253; x_wconf 86' lang='lat' dir='ltr'>spectant,</span> <span class='ocrx_word' id='word_1_300' title='bbox 311 2204 458 2252; x_wconf 86' lang='lat' dir='ltr'>utplurimum</span> <span class='ocrx_word' id='word_1_301' title='bbox 474 2204 599 2242; x_wconf 89' lang='lat' dir='ltr'>omittendae</span> <span class='ocrx_word' id='word_1_302' title='bbox 615 2212 674 2249; x_wconf 88' lang='lat' dir='ltr'>sunt,</span> <span class='ocrx_word' id='word_1_303' title='bbox 690 2205 786 2254; x_wconf 92' lang='lat' dir='ltr'>inprimis</span> <span class='ocrx_word' id='word_1_304' title='bbox 802 2218 854 2256; x_wconf 89' lang='lat' dir='ltr'>quae</span> <span class='ocrx_word' id='word_1_305' title='bbox 873 2208 901 2248; x_wconf 88' lang='lat' dir='ltr'>di·</span> 
     </span>
     <span class='ocr_line' id='line_1_36' title="bbox 97 2264 902 2322; baseline 0.006 -18"><span class='ocrx_word' id='word_1_306' title='bbox 97 2271 235 2305; x_wconf 90' lang='lat' dir='ltr'>cunturmere</span> <span class='ocrx_word' id='word_1_307' title='bbox 243 2265 357 2310; x_wconf 88' lang='lat' dir='ltr'>naturales,</span> <span class='ocrx_word' id='word_1_308' title='bbox 364 2270 385 2303; x_wconf 90' lang='lat' dir='ltr'>et</span> <span class='ocrx_word' id='word_1_309' title='bbox 392 2277 444 2315; x_wconf 87' lang='lat' dir='ltr'>quae</span> <span class='ocrx_word' id='word_1_310' title='bbox 456 2264 731 2314; x_wconf 86' lang='lat' dir='ltr'>simplicitaticonfessionis</span> <span class='ocrx_word' id='word_1_311' title='bbox 744 2267 819 2305; x_wconf 88' lang='lat' dir='ltr'>obsunt</span> <span class='ocrx_word' id='word_1_312' title='bbox 826 2270 902 2322; x_wconf 84' lang='lat' dir='ltr'>magis,</span> 
     </span>
     <span class='ocr_line' id='line_1_37' title="bbox 97 2325 903 2380; baseline 0.007 -13"><span class='ocrx_word' id='word_1_313' title='bbox 97 2339 157 2380; x_wconf 80' lang='lat' dir='ltr'>quam</span> <span class='ocrx_word' id='word_1_314' title='bbox 167 2332 260 2379; x_wconf 90' lang='lat' dir='ltr'>prosunt.</span> <span class='ocrx_word' id='word_1_315' title='bbox 270 2325 327 2376; x_wconf 75' lang='lat' dir='ltr'>Quae</span> <span class='ocrx_word' id='word_1_316' title='bbox 340 2332 408 2365; x_wconf 92' lang='lat' dir='ltr'>autem</span> <span class='ocrx_word' id='word_1_317' title='bbox 416 2326 536 2364; x_wconf 88' lang='lat' dir='ltr'>notabiliter</span> <span class='ocrx_word' id='word_1_318' title='bbox 548 2327 648 2374; x_wconf 91' lang='lat' dir='ltr'>minuunt,</span> <span class='ocrx_word' id='word_1_319' title='bbox 661 2327 840 2377; x_wconf 87' lang='lat' dir='ltr'>circumstantiae,</span> <span class='ocrx_word' id='word_1_320' title='bbox 853 2331 903 2373; x_wconf 88' lang='lat' dir='ltr'>licet</span> 
     </span>
     <span class='ocr_line' id='line_1_38' title="bbox 96 2390 903 2445; baseline 0.007 -15"><span class='ocrx_word' id='word_1_321' title='bbox 96 2391 187 2442; x_wconf 89' lang='lat' dir='ltr'>speciem</span> <span class='ocrx_word' id='word_1_322' title='bbox 205 2404 245 2431; x_wconf 93' lang='lat' dir='ltr'>non</span> <span class='ocrx_word' id='word_1_323' title='bbox 264 2396 350 2436; x_wconf 87' lang='lat' dir='ltr'>mutent,</span> <span class='ocrx_word' id='word_1_324' title='bbox 370 2402 405 2429; x_wconf 87' lang='lat' dir='ltr'>eas</span> <span class='ocrx_word' id='word_1_325' title='bbox 421 2402 500 2442; x_wconf 83' lang='lat' dir='ltr'>quoque</span> <span class='ocrx_word' id='word_1_326' title='bbox 519 2390 637 2441; x_wconf 87' lang='lat' dir='ltr'>praeterire</span> <span class='ocrx_word' id='word_1_327' title='bbox 653 2403 693 2430; x_wconf 96' lang='lat' dir='ltr'>non</span> <span class='ocrx_word' id='word_1_328' title='bbox 710 2391 771 2431; x_wconf 89' lang='lat' dir='ltr'>debet</span> <span class='ocrx_word' id='word_1_329' title='bbox 785 2395 903 2445; x_wconf 85' lang='lat' dir='ltr'>poenitens,</span> 
     </span>
     <span class='ocr_line' id='line_1_39' title="bbox 95 2453 902 2506; baseline 0.007 -13"><span class='ocrx_word' id='word_1_330' title='bbox 95 2467 136 2493; x_wconf 92' lang='lat' dir='ltr'>non</span> <span class='ocrx_word' id='word_1_331' title='bbox 147 2461 170 2493; x_wconf 89' lang='lat' dir='ltr'>ut</span> <span class='ocrx_word' id='word_1_332' title='bbox 187 2460 274 2506; x_wconf 89' lang='lat' dir='ltr'>quaerat</span> <span class='ocrx_word' id='word_1_333' title='bbox 289 2453 436 2493; x_wconf 78' lang='lat' dir='ltr'>excusationes</span> <span class='ocrx_word' id='word_1_334' title='bbox 451 2454 472 2491; x_wconf 90' lang='lat' dir='ltr'>in</span> <span class='ocrx_word' id='word_1_335' title='bbox 487 2454 588 2504; x_wconf 88' lang='lat' dir='ltr'>peccatis,</span> <span class='ocrx_word' id='word_1_336' title='bbox 608 2455 645 2492; x_wconf 92' lang='lat' dir='ltr'>sed</span> <span class='ocrx_word' id='word_1_337' title='bbox 658 2460 683 2492; x_wconf 92' lang='lat' dir='ltr'>ut</span> <span class='ocrx_word' id='word_1_338' title='bbox 700 2455 854 2497; x_wconf 87' lang='lat' dir='ltr'>confessarium</span> <span class='ocrx_word' id='word_1_339' title='bbox 871 2460 902 2499; x_wconf 91' lang='lat' dir='ltr'>in·</span> 
     </span>
     <span class='ocr_line' id='line_1_40' title="bbox 96 2516 902 2574; baseline 0.006 -20"><span class='ocrx_word' id='word_1_340' title='bbox 96 2522 172 2562; x_wconf 85' lang='lat' dir='ltr'>struat,</span> <span class='ocrx_word' id='word_1_341' title='bbox 185 2517 218 2568; x_wconf 88' lang='lat' dir='ltr'>qui</span> <span class='ocrx_word' id='word_1_342' title='bbox 229 2517 253 2554; x_wconf 88' lang='lat' dir='ltr'>de</span> <span class='ocrx_word' id='word_1_343' title='bbox 265 2516 292 2553; x_wconf 90' lang='lat' dir='ltr'>iis</span> <span class='ocrx_word' id='word_1_344' title='bbox 304 2516 439 2567; x_wconf 89' lang='lat' dir='ltr'>interrogare</span> <span class='ocrx_word' id='word_1_345' title='bbox 451 2522 541 2563; x_wconf 87' lang='lat' dir='ltr'>tenetur,</span> <span class='ocrx_word' id='word_1_346' title='bbox 554 2529 579 2553; x_wconf 92' lang='lat' dir='ltr'>ne</span> <span class='ocrx_word' id='word_1_347' title='bbox 588 2516 841 2567; x_wconf 87' lang='lat' dir='ltr'>judiciumpervertatur,</span> <span class='ocrx_word' id='word_1_348' title='bbox 854 2533 871 2560; x_wconf 87' lang='lat' dir='ltr'>e.</span> <span class='ocrx_word' id='word_1_349' title='bbox 881 2535 902 2574; x_wconf 87' lang='lat' dir='ltr'>g.</span> 
     </span>
     <span class='ocr_line' id='line_1_41' title="bbox 96 2578 903 2629; baseline 0.009 -15"><span class='ocrx_word' id='word_1_350' title='bbox 96 2578 115 2614; x_wconf 84' lang='lat' dir='ltr'>si</span> <span class='ocrx_word' id='word_1_351' title='bbox 127 2578 172 2628; x_wconf 87' lang='lat' dir='ltr'>quis</span> <span class='ocrx_word' id='word_1_352' title='bbox 184 2578 325 2628; x_wconf 86' lang='lat' dir='ltr'>semisopitus,</span> <span class='ocrx_word' id='word_1_353' title='bbox 345 2579 378 2616; x_wconf 91' lang='lat' dir='ltr'>vel</span> <span class='ocrx_word' id='word_1_354' title='bbox 390 2578 423 2616; x_wconf 86' lang='lat' dir='ltr'>sui</span> <span class='ocrx_word' id='word_1_355' title='bbox 434 2590 474 2615; x_wconf 94' lang='lat' dir='ltr'>non</span> <span class='ocrx_word' id='word_1_356' title='bbox 486 2579 539 2623; x_wconf 84' lang='lat' dir='ltr'>satis</span> <span class='ocrx_word' id='word_1_357' title='bbox 552 2590 644 2628; x_wconf 87' lang='lat' dir='ltr'>compos,</span> <span class='ocrx_word' id='word_1_358' title='bbox 661 2579 682 2616; x_wconf 91' lang='lat' dir='ltr'>in</span> <span class='ocrx_word' id='word_1_359' title='bbox 694 2579 842 2629; x_wconf 90' lang='lat' dir='ltr'>turpitudinem</span> <span class='ocrx_word' id='word_1_360' title='bbox 855 2595 903 2621; x_wconf 91' lang='lat' dir='ltr'>con-</span> 
     </span>
     <span class='ocr_line' id='line_1_42' title="bbox 96 2639 902 2696; baseline 0.011 -23"><span class='ocrx_word' id='word_1_361' title='bbox 96 2639 168 2676; x_wconf 90' lang='lat' dir='ltr'>sensit.</span> <span class='ocrx_word' id='word_1_362' title='bbox 186 2642 226 2678; x_wconf 80' lang='lat' dir='ltr'>Ast</span> <span class='ocrx_word' id='word_1_363' title='bbox 237 2640 366 2690; x_wconf 84' lang='lat' dir='ltr'>quandonam</span> <span class='ocrx_word' id='word_1_364' title='bbox 382 2639 552 2678; x_wconf 89' lang='lat' dir='ltr'>circumstantiae</span> <span class='ocrx_word' id='word_1_365' title='bbox 571 2646 709 2678; x_wconf 88' lang='lat' dir='ltr'>occurrentes</span> <span class='ocrx_word' id='word_1_366' title='bbox 727 2642 847 2680; x_wconf 84' lang='lat' dir='ltr'>notabiliter</span> <span class='ocrx_word' id='word_1_367' title='bbox 866 2658 902 2696; x_wconf 89' lang='lat' dir='ltr'>ag·</span> 
     </span>
     <span class='ocr_line' id='line_1_43' title="bbox 96 2700 902 2750; baseline 0.012 -17"><span class='ocrx_word' id='word_1_368' title='bbox 96 2706 211 2746; x_wconf 87' lang='lat' dir='ltr'>gravantes</span> <span class='ocrx_word' id='word_1_369' title='bbox 222 2701 409 2750; x_wconf 88' lang='lat' dir='ltr'>imminuentesque</span> <span class='ocrx_word' id='word_1_370' title='bbox 422 2700 506 2739; x_wconf 90' lang='lat' dir='ltr'>censeri</span> <span class='ocrx_word' id='word_1_371' title='bbox 517 2700 606 2738; x_wconf 83' lang='lat' dir='ltr'>debent?</span> <span class='ocrx_word' id='word_1_372' title='bbox 618 2701 643 2739; x_wconf 83' lang='lat' dir='ltr'>R.</span> <span class='ocrx_word' id='word_1_373' title='bbox 651 2702 902 2744; x_wconf 84' lang='lat' dir='ltr'>Momentacireumstan·</span> 
     </span>
    </p>
   </div>
   <div class='ocr_carea' id='block_1_5' title="bbox 95 2789 296 2802">
    <p class='ocr_par' dir='ltr' id='par_1_6' title="bbox 95 2789 296 2802">
     <span class='ocr_line' id='line_1_44' title="bbox 95 2789 296 2802; baseline 0 0"><span class='ocrx_word' id='word_1_374' title='bbox 95 2789 296 2802; x_wconf 43' lang='grc' dir='ltr'>Ἣ</span> 
     </span>
    </p>
   </div>
   <div class='ocr_carea' id='block_1_6' title="bbox 121 2838 901 2930">
    <p class='ocr_par' dir='ltr' id='par_1_7' title="bbox 121 2838 901 2930">
     <span class='ocr_line' id='line_1_45' title="bbox 121 2838 901 2930; baseline 0.005 -52"><span class='ocrx_word' id='word_1_375' title='bbox 121 2841 136 2878; x_wconf 84' lang='grc'>1)</span> <span class='ocrx_word' id='word_1_376' title='bbox 146 2838 281 2930; x_wconf 50' lang='lat' dir='ltr'>{lgr-qllllalldon.</span> <span class='ocrx_word' id='word_1_377' title='bbox 294 2845 348 2878; x_wconf 84' lang='lat' dir='ltr'>Tom.</span> <span class='ocrx_word' id='word_1_378' title='bbox 356 2845 380 2877; x_wconf 94' lang='lat' dir='ltr'>II.</span> <span class='ocrx_word' id='word_1_379' title='bbox 388 2853 407 2887; x_wconf 88' lang='lat' dir='ltr'>p.</span> <span class='ocrx_word' id='word_1_380' title='bbox 417 2846 459 2879; x_wconf 77' lang='lat'>279.</span> <span class='ocrx_word' id='word_1_381' title='bbox 472 2862 497 2869; x_wconf 89' lang='lat'>-</span> <span class='ocrx_word' id='word_1_382' title='bbox 508 2847 525 2885; x_wconf 84' lang='lat'>²)</span> <span class='ocrx_word' id='word_1_383' title='bbox 538 2846 594 2880; x_wconf 86' lang='lat' dir='ltr'>Sess.</span> <span class='ocrx_word' id='word_1_384' title='bbox 607 2846 659 2880; x_wconf 82' lang='lat' dir='ltr'>XIV.</span> <span class='ocrx_word' id='word_1_385' title='bbox 670 2856 710 2890; x_wconf 82' lang='lat' dir='ltr'>cap.</span> <span class='ocrx_word' id='word_1_386' title='bbox 727 2849 746 2881; x_wconf 84' lang='lat'>5.</span> <span class='ocrx_word' id='word_1_387' title='bbox 759 2866 784 2872; x_wconf 88' lang='lat'><strong>—</strong></span> <span class='ocrx_word' id='word_1_388' title='bbox 792 2845 808 2892; x_wconf 77' lang='grc'>3)</span> <span class='ocrx_word' id='word_1_389' title='bbox 821 2848 842 2880; x_wconf 87' lang='lat' dir='ltr'>P.</span> <span class='ocrx_word' id='word_1_390' title='bbox 857 2849 874 2880; x_wconf 83' lang='lat'>2.</span> <span class='ocrx_word' id='word_1_391' title='bbox 883 2857 901 2883; x_wconf 61' lang='lat' dir='ltr'>c,</span> 
     </span>
    </p>
   </div>
   <div class='ocr_carea' id='block_1_7' title="bbox 0 0 1016 3193">
    <p class='ocr_par' dir='ltr' id='par_1_8' title="bbox 0 0 1016 3193">
     <span class='ocr_line' id='line_1_46' title="bbox 0 0 1016 3193; baseline 0 0"><span class='ocrx_word' id='word_1_392' title='bbox 0 0 1016 3193; x_wconf 95' lang='lat' dir='ltr'> </span> 
     </span>
    </p>
   </div>
  </div>
 </body>
</html>
