2056 3193
136 94 166 136 94

133 208 210 247 debeat
225 209 326 248 confiteri.
345 206 447 255 Superior
461 207 491 245 ita
503 208 570 246 rescit
580 207 644 245 vitani
658 207 725 256 ipsius
740 208 847 247 lascivam.
863 209 939 246 Frater

135 283 182 308 mox
194 271 278 309 sanitati
289 267 414 305 restituitur.
428 267 540 317 Quaeritur
549 270 599 318 jam,
611 278 659 304 num
670 267 701 304 illi
711 268 835 308 beneficium
847 270 940 308 conferri

136 332 209 370 debeat
221 343 258 368 nec
273 331 312 366 ne?
328 329 487 378 Respondemus
502 329 572 368 verbis
587 328 701 366 Clementis
716 328 773 367 VIII.
792 330 872 369 decreti
887 342 939 369 anno

137 390 201 431 1594.
220 389 320 428 emanati:
344 392 411 430 „Tam
430 392 556 441 Superiores
574 401 612 439 pro
632 395 724 438 tempore
740 391 863 437 existentes,
880 404 940 442 quani

137 451 273 495 confessarii,
297 451 332 500 qni
351 458 425 501 postea
444 453 467 489 111
490 450 611 500 Superioris
627 451 721 501 gradum
744 451 822 489 fuerint
843 454 940 501 promoti,

136 518 222 551 caveant
242 512 414 563 diligentissime,
436 525 461 549 ne
483 524 507 548 ea
523 511 607 556 notitia,
626 524 685 561 quam
705 512 832 551 dealiorum
846 514 941 563 peccatis

134 572 253 619 habuerint,
270 573 295 611 111
308 573 434 610 exteriorem
446 573 620 623 gubernationem
636 574 741 611 utantur.''
760 575 843 611 Etenim
859 574 940 612 confes-

135 634 199 670 sionis
212 634 304 685 sigillum
317 646 356 671 non
368 634 435 683 exigit
446 640 533 678 tantum,
545 640 568 671 ut
579 646 610 678 ea,
626 646 678 683 quac
691 635 824 672 confessione
836 637 941 683 patefacta

134 700 190 739 sunt,
202 707 241 732 non
255 695 382 738 revelentur,
395 694 431 732 sed
444 695 514 739 etiam,
537 701 559 732 ut
571 693 619 731 nihil
632 694 675 740 fiat,
692 696 744 745 quod
756 695 844 733 Invisam
856 696 909 734 hanc
922 702 942 734 et

134 755 285 793 formidabilem
298 755 367 793 faciat.
384 756 432 793 Jam
443 756 563 804 praedictus
580 756 719 793 confessionis
731 768 782 793 usus
797 769 842 794 cam
858 757 942 807 gravio·

134 829 179 854 rem
192 823 212 854 et
224 816 316 854 odiosam
327 817 397 854 multis
410 816 537 864 1111111111).
551 817 624 855 Talem
639 829 699 855 usum
712 818 851 855 confessionis
862 818 943 867 pariter

135 877 232 927 prohibet
243 878 349 915 decretum
362 879 488 916 auctoritate
500 878 602 916 Inoeentii
616 879 652 916 XI.
669 879 746 916 editum
765 891 817 916 anno
831 875 942 917 16821111

137 934 171 976 18.
194 938 331 983 Novembris,
361 950 399 987 quo
423 951 512 988 sequens
534 939 649 988 propositio
671 939 742 977 doceri
764 939 868 989 prohibita
890 939 942 976 fuit:

137 999 246 1037 „Scientia
258 1011 282 1036 ex
295 999 427 1036 confessione
443 1000 545 1049 acquisita
557 1000 588 1037 uti
602 1000 660 1044 licet,
676 1000 735 1037 modo
750 1000 787 1038 fiat
802 1001 846 1037 sine
862 1000 943 1038 directa

136 1067 172 1097 aut
182 1060 284 1097 indirecta
296 1060 432 1104 revelatione,
445 1066 465 1097 et
477 1060 598 1110 gravamine
610 1061 744 1109 poenitentis,
759 1061 799 1098 nisi
813 1061 866 1099 aliud
880 1062 942 1098 multo

137 1121 224 1171 gravius
236 1133 261 1158 cx
276 1133 316 1157 non
331 1132 371 1158 usu
382 1127 493 1170 sequatur,
510 1122 530 1158 in
549 1121 609 1169 cujus
624 1122 779 1170 comparatione
795 1122 853 1171 prius
868 1122 943 1159 merito

137 1181 300 1219 conterrroatur.''
314 1180 464 1219 Offendiculmn
476 1181 625 1231 propositionis
633 1182 684 1219 latet
694 1183 714 1219 in
723 1182 853 1231 exceptione,
865 1182 943 1220 ultimis

136 1242 216 1279 verbis:
228 1244 272 1280 atat
284 1240 354 1291 aliud,
368 1249 475 1292 concepta.

215 1300 249 1340 14.
265 1302 374 1340 Paroclms
392 1316 418 1340 ex
438 1303 570 1341 confessione
588 1304 676 1341 armillae
694 1316 744 1340 suae
764 1304 876 1347 observat,
899 1316 943 1341 eam

136 1358 199 1402 noctu
214 1364 239 1402 ad
256 1375 342 1412 procum
357 1376 417 1402 suum
433 1365 492 1402 domo
508 1365 576 1409 exire,
598 1371 633 1401 aut
647 1364 739 1414 parocho
755 1365 855 1402 suffurari
870 1365 894 1402 de
910 1365 944 1408 iis,

131 1437 188 1474 quac
200 1425 268 1463 11111111
279 1426 331 1462 bene
351 1426 375 1463 ab
392 1426 463 1463 codem
479 1426 631 1463 custodiuntur.
653 1426 742 1464 Licetne
757 1426 848 1475 parocho
863 1431 944 1474 portam

137 1486 235 1522 claudere
255 1486 309 1523 clavi
327 1486 379 1534 apud
398 1499 420 1523 se
439 1493 536 1530 servata,
555 1492 576 1522 ct
595 1487 658 1523 rebus
677 1487 721 1523 suis
740 1487 807 1537 magis
825 1486 944 1536 invigilare,

137 1546 231 1595 quarnvis
242 1546 361 1596 poenitens,
376 1547 430 1585 uude
445 1546 483 1585 hoc
502 1547 593 1592 eveniat,
610 1547 782 1585 animadversura
794 1548 836 1585 sit?
851 1548 944 1597 Respon-

137 1607 208 1645 demus
220 1609 329 1658 negative,
349 1609 395 1658 quia
411 1608 503 1659 cognitio
519 1621 544 1645 ex
564 1609 696 1646 confessione
711 1608 786 1646 hausta
799 1609 876 1646 nullum
895 1609 944 1645 effc-

138 1674 194 1705 ctum
205 1669 321 1722 producere
333 1669 353 1706 in
366 1676 453 1707 externa
465 1669 625 1720 gubernatione,
642 1670 679 1707 scd
691 1682 739 1707 esse
752 1670 820 1715 dehet,
836 1682 860 1708 ec
872 1669 891 1706 si
905 1681 944 1706 uon

138 1730 246 1769 existeret.
264 1730 307 1768 Sed
318 1730 352 1769 via
364 1731 424 1769 datur
439 1731 464 1769 ad
479 1743 564 1781 scopum
577 1732 718 1783 pertingendi,
734 1731 751 1769 si
764 1732 860 1769 nimirum
876 1731 945 1780 poeni·

138 1798 184 1829 tens
197 1799 312 1837 moneatur,
325 1799 348 1830 ut
359 1794 404 1843 ipsa
415 1793 467 1831 haec
479 1793 569 1832 faciendi
580 1794 614 1831 det
625 1793 737 1831 licentiam.

201 1850 235 1891 15.
256 1854 387 1892 novitiorum
409 1855 512 1905 magister
534 1855 592 1892 vultu
615 1861 650 1891 aut
672 1855 742 1891 verbis
757 1854 837 1903 prodit,
861 1865 884 1889 se
904 1854 946 1890 cui·

139 1914 183 1952 dam
202 1914 268 1952 miuus
286 1914 369 1962 favere,
385 1921 421 1953 aut
437 1927 512 1966 reapse
532 1914 627 1953 severius
644 1928 690 1953 cum
709 1920 797 1960 tractat,
813 1927 838 1952 ex
857 1926 895 1964 quo
913 1914 946 1952 hic

138 1983 248 2025 peccatum
267 1978 354 2015 ouauiae
373 1984 405 2015 est
420 1978 537 2015 coufessus.
560 2000 590 2005 —
612 1977 684 2015 Violat
698 1977 790 2028 sigillum
809 1977 947 2015 confessionis

139 2038 255 2085 indirecte,
272 2039 321 2089 quia
342 2039 373 2077 sic
396 2038 458 2078 factis
481 2039 594 2090 exprobrat
614 2039 730 2089 poenitenti
750 2045 860 2089 peccatum
879 2039 902 2077 ab
925 2050 949 2076 eo

140 2101 271 2138 confessione
291 2102 420 2151 expositum3
443 2102 496 2152 quod
515 2102 534 2139 si
552 2108 620 2140 autem
638 2101 676 2140 hoc
701 2101 781 2140 licitum
808 2102 876 2146 foret,
901 2113 948 2138 con-

140 2162 204 2200 fessio
222 2163 308 2201 multum
326 2163 398 2202 odiosa
416 2163 548 2209 redderetur,
566 2164 691 2213 praesertim
709 2163 820 2209 intereos,
840 2162 873 2213 qui
889 2161 949 2200 simul

144 2225 269 2263 cohabitant.

218 2284 374 2326 16.Parocl1us
391 2287 511 2327 concionem
522 2299 582 2326 suam
597 2287 621 2326 de
636 2286 765 2326 seductione
780 2284 894 2325 memoriae
905 2284 949 2334 jam

143 2349 257 2396 niaudavit;
273 2355 382 2399 antequam
398 2362 482 2389 sacrum
498 2349 593 2388 ascendit
608 2355 745 2401 suggestum,
762 2354 851 2399 rogatur
868 2347 949 2386 confes·

144 2411 220 2448 sionem
239 2411 346 2460 cujusdam
365 2412 468 2461 excipere.
493 2411 534 2450 Hic
553 2411 665 2449 confitetur
685 2416 795 2460 peccatum
813 2410 949 2447 seductionis.

143 2470 195 2520 Quid
207 2472 322 2512 faciendum
335 2473 451 2518 sacerdoti,
467 2485 492 2511 ne
505 2472 645 2523 suspicionem
658 2473 710 2521 apud
725 2472 864 2522 poenitentem
879 2471 949 2509 incur-

142 2540 183 2578 rat,
195 2546 218 2571 se
230 2535 298 2573 statim
311 2535 363 2585 quod
375 2535 410 2571 illc
422 2535 532 2573 confessus
545 2540 585 2580 cst,
598 2546 669 2572 coram
680 2535 755 2584 populo
767 2534 822 2572 fideli
834 2533 950 2582 producere

142 2595 207 2633 veltet
227 2595 374 2635 Confossarius
389 2596 452 2641 dicat,
464 2609 487 2633 sc
498 2596 558 2634 hodie
570 2597 590 2633 in
607 2596 707 2634 concione
722 2608 761 2633 sua
776 2595 826 2633 illud
842 2594 910 2631 thema
926 2594 950 2631 de

143 2655 264 2695 seductione
275 2658 415 2697 innocentium
426 2658 597 2708 pertractandum
610 2657 715 2709 selegisse
720 2672 726 2703 3
738 2667 867 2708 nequaquam
879 2656 949 2706 itaque

142 2719 256 2763 existimet,
268 2718 332 2768 ipsius
345 2720 499 2760 confessionem
511 2731 558 2757 esse
570 2732 656 2758 causam
667 2719 749 2759 dicendi
760 2720 785 2757 de
796 2717 836 2755 hoc
847 2717 950 2756 horrendo

125 2814 127 2817 .
144 2815 341 2823 -——-—-

167 2868 182 2909 1)
195 2867 227 2899 Fr.
240 2864 296 2899 Lucii
308 2865 396 2899 Ferrarls
408 2871 496 2912 prompta
509 2866 631 2913 bibliotheca.
644 2865 699 2899 Torn.
714 2865 764 2899 VIII.
777 2863 849 2899 Vocab.
866 2865 950 2904 Siciliam

138 2933 140 2936 >
191 2915 321 2955 consessionis.
558 2927 560 2929 ’
