2017 3193
907 105 952 147 aot

138 233 170 264 sto
184 229 311 263 censeantur
324 223 426 269 conferri,
444 223 497 273 quod
515 222 617 260 Matthaei
635 223 693 274 loeus
706 227 798 260 testatur
816 219 848 256 liis
870 220 953 257 verbis:

139 288 219 326 „Amen
233 285 278 322 dieo
292 285 356 330 vohis,
376 285 471 335 quautdiu
484 283 565 321 feeistis
578 284 613 319 uni
625 296 650 320 eu
663 283 694 319 his
708 282 810 331 fratribus
824 281 875 317 meis
895 281 953 318 mini·

136 347 178 385 >mis
194 345 245 383 mihi
263 346 356 384 feristis'’
370 345 392 394 ¹).
411 345 469 383 Unde
489 344 563 387 ettam,
583 357 628 381 eum
648 344 670 381 S.
682 345 789 381 Martinus
809 342 954 379 'tanuoneusts

141 408 259 458 episeopus,
272 408 337 447 adhue
350 403 409 446 miles·
423 406 528 444 exsistens
541 410 560 441 et
574 404 745 451 eateoliumeims,
757 405 854 443 Anthlattl
866 405 953 454 pauperi

140 469 193 507 nudo
207 468 284 507 Christi
297 471 378 508 nomine
398 470 551 514 eleemosynam
571 466 647 513 petenti
667 473 746 514 partem
759 467 866 505 elrlamidis
886 466 954 503 dedis·

140 536 180 575 set,
193 531 289 581 sequenti
304 537 365 569 noeto
385 529 483 566 Clu-istus
500 527 536 563 illa
552 526 619 562 restis
636 532 695 574 parte
712 527 796 563 iinlutus
814 528 832 564 ei
847 527 953 577 apparuit,

140 593 192 631 hano
220 594 316 631 emittens
343 604 426 630 rorem:
455 588 560 626 Martinus
584 586 746 625 eateolrummms
773 587 810 626 liae
835 602 866 626 me
892 596 952 627 veste

141 655 253 693 contexit.”

214 716 314 765 Quartum
327 714 442 753 remedium
456 712 494 758 sit,
514 719 593 750 attenta
612 712 780 750 consideratione
798 724 859 762 saepe
878 726 953 762 expon-

142 780 190 817 dere
203 775 601 829 amplissimasp1·0111issioues,1qrrihus
614 774 708 823 Spiritus
721 781 806 812 sanetus
819 774 839 811 in
859 775 953 823 Scriptu-

143 841 172 878 ris
185 841 253 878 saeris
262 839 348 878 divitum
361 837 424 875 eorda
444 837 521 874 excitat
534 837 557 873 ad
571 835 736 874 misericordiam
750 837 768 873 in
783 849 885 885 pauperes
898 835 954 873 exhi-

142 903 234 950 bendam.
247 904 286 938 Ex.
299 913 332 951 gr.
347 899 451 943 „Beatum
467 899 499 948 qui
513 898 613 948 intelligit
625 910 688 947 super
701 911 790 949 egenum
803 906 822 935 et
834 911 954 948 pauperem,

140 965 160 1002 iu
173 963 205 1001 die
218 963 272 1000 mala
288 960 386 998 liberabit
405 973 450 997 euni
469 958 618 1006 Doinim1s’⁷²].
636 960 708 998 „Beati
726 960 887 1005 misericordes,
905 972 953 1009 quo-

141 1026 195 1062 niam
213 1023 253 1072 ipsi
272 1022 437 1060 misericordiam
456 1018 659 1071 consttspttt¹ttlttl'”³].
680 1020 816 1070 „Quicunque
837 1028 904 1070 potrrm
920 1022 953 1058 de-

140 1085 194 1124 derit
206 1085 241 1121 uni
254 1096 278 1121 ex
291 1084 380 1121 minimis
392 1084 440 1120 istis
453 1084 538 1121 calicem
552 1095 617 1132 inprae
631 1082 731 1133 frigidae,
744 1105 808 1109 ——
817 1105 847 1109 -
860 1096 898 1120 nou
907 1096 954 1131 per-

141 1147 174 1183 det
187 1141 353 1191 mei-eedem¹'⁴].
366 1145 417 1187 Item
430 1145 486 1181 serio
501 1144 622 1194 reeogitare
641 1143 756 1181 horrendas
776 1144 954 1188 eounniuatioues,

142 1206 215 1256 quibus
234 1207 288 1244 idem
301 1205 394 1254 Spiritus
413 1212 499 1243 sanetus
511 1205 531 1241 iu
550 1204 669 1253 Seripturis
688 1206 757 1243 saeris
775 1205 852 1254 passim
870 1211 954 1242 terrere

143 1268 197 1304 solet
209 1265 283 1304 divites
295 1266 481 1311 immisericordes,
495 1280 511 1303 e.
526 1279 546 1317 g.
562 1265 615 1313 „Qui
627 1266 711 1303 obturat
724 1279 795 1304 aurem
808 1279 867 1303 suam
876 1267 899 1303 ad
913 1266 954 1304 ela-

143 1340 220 1371 morem
233 1328 339 1377 pauperis,
351 1328 396 1376 ipse
409 1327 514 1372 elamahit,
527 1334 546 1364 et
560 1340 598 1364 nou
612 1327 734 1365 exaudietur
745 1326 784 1375 Ψ
805 1327 862 1365 ‚·Cor
880 1328 954 1365 durum

142 1389 226 1426 habebit
238 1391 291 1427 male
303 1389 323 1426 iu
336 1387 496 1436 novissimw
511 1389 629 1426 ‚uirtutum
643 1388 686 1425 sine
701 1389 846 1426 misericordia
863 1389 900 1433 itti,
920 1389 954 1438 spui

142 1463 181 1488 non
194 1450 244 1489 feeit
255 1450 421 1488 misericordiam
431 1449 457 1497 ⁷).

215 1513 310 1561 Denique
322 1511 372 1548 nihil
385 1511 493 1549 efficacius
506 1524 553 1549 esse
566 1512 670 1560 potestati
684 1512 781 1549 duritiem
801 1511 886 1548 divitum
902 1523 954 1561 erga

143 1572 232 1610 miseros
245 1579 265 1610 et
277 1586 356 1623 egenos
369 1572 523 1623 ror·1·igeritla111,
536 1574 576 1609 into
589 1573 731 1617 auferendam,
744 1585 804 1621 quam
816 1572 873 1609 seria
886 1573 954 1610 eonsi-

144 1633 223 1671 deratio
241 1634 320 1684 integri
344 1639 453 1672 contextus
476 1635 588 1672 verborum
605 1634 778 1671 illu-istidudieis
796 1633 897 1671 Matthaei
921 1646 954 1671 ea·

143 1695 184 1744 pite
202 1695 268 1733 XXV.
281 1718 311 1721 —
323 1717 352 1721 —
371 1694 434 1731 eei-te
453 1695 525 1744 quovis
545 1696 653 1732 adamante
672 1696 777 1732 duriorem
796 1707 842 1731 esse.
859 1701 955 1743 opportet

145 1755 240 1801 animum,
260 1756 293 1805 qui
306 1756 336 1792 liis
348 1756 393 1792 Filii
406 1756 447 1792 Dei
458 1757 568 1805 promissis
587 1769 626 1792 uon
646 1756 763 1800 emollitur,
781 1768 818 1793 nee
836 1756 954 1792 terroribus

144 1816 250 1853 flectitur:
270 1829 307 1854 uee
320 1817 374 1854 aliud
389 1817 407 1853 ei
418 1817 544 1865 praesidium
560 1823 639 1862 restat,
662 1829 721 1866 quam
739 1824 762 1854 ut
779 1816 850 1854 humili
870 1829 893 1853 ae
913 1817 953 1852 fer-

144 1877 202 1915 uenti
219 1878 313 1915 oratione
330 1877 438 1930 interioris
461 1878 543 1928 gratiae
561 1878 659 1914 auxilium
680 1890 691 1914 a
709 1878 789 1927 Spiritu
807 1882 880 1914 saneto
898 1877 954 1914 lude-

145 1938 238 1975 sinenter
254 1939 378 1987 expostulet,
396 1950 434 1987 quo
450 1939 515 1975 onmis
534 1938 603 1976 cordis
615 1938 634 1975 iu
646 1951 750 1987 pauperes
768 1938 855 1976 durities
872 1938 954 1987 penitus

146 1999 260 2037 auferatur.
305 2049 307 2051 q

368 2116 451 2170 Contra
464 2123 557 2186 peecata
576 2117 735 2186 inpudicitiae.

220 2239 238 2293 ξ.
252 2237 302 2279 184.
315 2243 346 2278 ἘΚ
359 2242 453 2278 omnihus
471 2243 516 2279 iere
534 2243 627 2290 pereatis
641 2242 694 2278 forte
706 2242 957 2298 llllpssdlsslllaiffllsslss·

147 2304 190 2340 lor!
209 2309 242 2339 est
254 2302 341 2338 maxime
360 2303 482 2346 eomnumis,
496 2316 546 2352 quae
567 2303 659 2339 homines
671 2302 691 2338 iu
711 2310 787 2339 statum
801 2315 851 2340 sane
865 2303 958 2340 miserri-

133 2352 201 2402 mum
213 2364 343 2413 praecipitat.
357 2363 487 2412 [mpudieitio
499 2376 577 2413 quoque
591 2370 630 2407 est,
643 2375 694 2412 qliae„
708 2364 850 2401 confessarios
863 2371 959 2414 oeeupat,

149 2431 170 2463 ut
181 2424 291 2462 horrorem
304 2425 348 2473 ejus
360 2425 464 2474 inspirent
482 2431 502 2461 et
522 2424 655 2461 mediaillam
668 2425 782 2476 effugiendi
796 2425 911 2474 propinent.
930 2447 960 2452 -

147 2486 206 2524 Haeo
218 2486 288 2534 passio
301 2498 346 2523 euin
359 2486 466 2523 admodum
479 2486 604 2534 importuna,
617 2485 716 2534 frequens
730 2492 750 2523 et
760 2487 852 2523 uiolenta
864 2487 899 2530 sn,
913 2493 960 2524 ante

149 2547 217 2584 omnia
229 2546 380 2592 confessarius,
393 2547 427 2596 qui
439 2547 504 2584 eidem
518 2547 596 2584 mederi
608 2546 671 2595 eupit,
686 2552 749 2585 totmn
762 2560 785 2584 se
795 2548 899 2597 impendat
911 2548 959 2593 illis,

149 2620 200 2656 quos
212 2608 248 2646 illa
259 2608 349 2657 impetit:
362 2608 489 2645 misereatur
502 2621 580 2652 eorum,
594 2607 696 2657 suseipiat
707 2609 754 2646 illos
763 2621 845 2658 semper
855 2622 901 2646 eum
913 2609 960 2647 eha-

148 2667 220 2713 ritate,
233 2670 314 2707 soletur
326 2676 346 2706 et
359 2669 441 2706 animet.
456 2668 500 2716 Qua
513 2669 601 2720 regendi
613 2669 694 2705 ratione
708 2670 799 2715 efficies,
818 2677 838 2707 ut
851 2676 959 2707 revertan-

149 2732 182 2763 tur
195 2741 240 2767 eum
253 2731 329 2768 fiducia
341 2731 365 2767 ad
378 2743 461 2769 sacrum
473 2730 572 2774 trilmnal,
594 2730 719 2768 tentationes
732 2744 781 2768 suas
800 2732 909 2782 detegant,
927 2743 959 2767 se-

152 2815 327 2826 -x—

130 2882 132 2885 ’
175 2873 189 2904 Ιὶ
199 2870 268 2905 alatro.
278 2875 339 2907 XXV.
349 2877 378 2908 uo.
389 2894 411 2899 —
421 2878 436 2915 2)
447 2875 519 2907 Psalm.
530 2876 569 2906 Nl».
582 2877 597 2907 1.
614 2893 631 2897 -
641 2879 657 2915 ὃ)
667 2876 735 2908 Mattlt.
747 2876 768 2907 ἶ.
780 2877 796 2906 7,
807 2893 829 2896 —
839 2878 854 2913 ⁴)
862 2875 962 2908 utantux.

199 2919 228 2952 '422
238 2939 262 2943 -
271 2925 287 2961 5l
297 2924 356 2957 Prov.
367 2925 419 2958 xxi.
431 2927 459 2958 13.
469 2943 493 2948 ·-
502 2926 518 2965 ⁶)
528 2924 587 2958 Eruli.
597 2924 631 2956 Ill.
641 2926 671 2957 27.
681 2943 705 2947 -
714 2929 730 2965 ⁷)
741 2925 783 2958 dae.
792 2925 815 2957 ll.
828 2925 856 2956 13.
