2017 3193
839 122 883 188 aaa

75 242 154 275 tantum
166 231 246 282 quidem
259 231 389 269 contritionis
402 231 426 268 de
440 237 527 278 peccato
545 231 600 268 inse
613 232 707 268 excitare
718 231 804 274 valent,
820 242 883 280 quan-

74 305 117 336 tum
129 294 154 332 ad
166 292 326 330 Sacramentum
336 290 480 330 Paenitentiae
489 289 589 328 absolute
597 291 719 341 requiritur.
731 291 834 341 Exempla
841 291 881 330 huc

74 353 191 407 spectantia
202 364 221 390 v.
234 365 254 404 g.
267 353 291 391 de
302 355 381 403 pueris,
393 352 457 389 fatuis
470 356 510 388 etc.
521 351 578 387 infra
590 346 647 389 sect.
660 353 685 389 Π.
698 360 819 391 recurrent,

146 414 245 468 Indignos
258 415 386 455 absolutione
398 409 655 456 sacramentali‘mcimus,
668 425 718 464 qtros
728 417 822 468 proprio
830 413 882 453 cnl-

70 493 101 533 pn
110 477 220 531 prohibet)
234 480 341 530 quominus
354 476 456 517 absolutio
468 474 520 525 ipsis
532 473 610 513 efficax
622 487 669 513 esse
682 483 748 526 queat.
760 478 839 517 Differt
850 477 882 516 in·

73 542 163 593 dignitas
176 541 200 579 ab
211 540 349 592 incapacitate
361 552 426 584 mera,
445 536 498 587 quod
509 536 545 574 illa
557 536 673 587 culpabilis,
685 538 737 577 haec
748 541 880 591 inculpabilis

72 604 106 641 sit.
118 603 201 654 Indigni
212 602 362 642 sacramentali
372 599 502 638 absolutione
514 603 563 635 sunt
574 610 652 643 omnes,
671 600 706 649 qui
716 601 796 639 nedum
808 605 879 640 (titinio

72 664 189 714 cicendeli,
207 665 241 702 vel
252 664 349 703 inondant
361 662 451 699 contriti
468 658 557 706 strato,
577 658 624 698 hinc
635 660 670 697 vel
688 660 712 697 de
729 664 823 710 peccatis
840 676 881 701 non

72 726 148 771 dolent,
160 738 198 763 nec
210 726 341 776 propositum
353 723 377 760 de
390 727 461 759 cetero
473 732 514 757 non
524 720 626 770 peccandi
636 719 721 766 hahent,
739 723 773 760 vel
785 723 881 761 emenda·

71 787 133 824 tionis
146 792 166 824 et
177 777 329 824 satisfactionis
341 795 405 832 opera
416 787 527 832 praestare
538 782 665 819 renituntur.
678 782 718 820 His
731 795 810 834 quoqne
819 784 882 822 adnu-

71 859 176 885 meramus
195 858 276 890 omnes,
297 837 331 894 qui
349 855 431 881 cresse
448 848 469 879 ct
488 841 593 892 culpabili
611 849 708 881 tenentur
720 844 740 881 in
752 845 882 883 necessariis

70 907 187 957 Religionis
200 905 301 944 doctrinis
313 905 441 953 tpnorccntic
451 925 481 930 —
491 903 594 948 infideles,
611 902 742 949 haereticos,
761 905 881 943 schismati-

71 979 107 1005 cos
119 967 219 1004 formales
230 987 261 992 -
272 964 471 1007 excommunicatos,
484 963 518 1012 qui
526 963 663 1007 conditiones,
676 964 750 1013 quihus
759 966 847 1015 expletis
856 965 882 1002 ad

70 1027 181 1065 Ecclesiae
198 1025 371 1064 communionem*
385 1024 546 1072 reciperentur,
573 1020 628 1061 inire
650 1025 752 1062 malevole
776 1026 881 1077 tergiver-

71 1093 152 1123 santur.

253 1199 282 1248 Α.
304 1202 346 1247 De
372 1200 566 1247 absolutione
590 1200 694 1247 danda.

288 1319 443 1373 disolationis
456 1318 530 1372 forma
544 1319 657 1372 absoluta.

142 1448 160 1503 ξ,
174 1446 224 1489 199.
236 1448 387 1495 Absolutionis,
400 1460 452 1499 quae
464 1448 532 1493 datur,
550 1446 618 1486 forma
629 1447 728 1487 dividitur
744 1463 756 1488 a
773 1451 879 1490 nonnullis

67 1512 88 1551 in
101 1510 267 1563 obsolectn112„si
278 1512 341 1557 nulla,
354 1517 375 1548 et
385 1511 407 1548 in
419 1510 601 1560 conditionatum,
621 1510 640 1548 si
658 1512 765 1561 quaepiam
782 1512 879 1562 adjicitur

68 1574 165 1612 conditio.
177 1574 248 1611 Prima
259 1575 327 1612 locum
338 1571 408 1618 habet,
427 1572 445 1609 si
455 1571 582 1621 poenitentis
598 1571 718 1610 absolvendi
733 1575 839 1624 capacitas
858 1582 881 1613 et

68 1635 159 1685 dignitas
178 1647 203 1671 ex
221 1634 318 1686 genuinis
336 1633 412 1683 liquido
432 1638 514 1671 constat
531 1632 600 1683 signis
619 1633 716 1672 sincerae
734 1636 867 1674 contritionis
873 1651 879 1682 3

68 1695 121 1744 (nisi
132 1695 231 1744 specialis
243 1707 307 1733 causa
319 1701 425 1740 occurrat,
438 1706 490 1743 quae
503 1693 654 1731 ahsolutionem
666 1695 741 1733 saltem
754 1697 779 1735 ad
796 1703 879 1747 tempus

68 1756 202 1794 differendam
214 1757 320 1803 suadeat).
338 1756 390 1793 Nam
402 1755 511 1804 poenitens
522 1766 561 1804 per
574 1755 742 1802 confessionem,
762 1770 822 1808 quam
842 1771 879 1809 ge·

67 1817 129 1854 nuina
141 1817 274 1855 contritionis
286 1817 348 1866 signa
360 1817 496 1860 comitantur,
507 1816 543 1863 jus
556 1816 581 1854 ad
599 1817 751 1855 ahsolutionem
768 1819 880 1868 acquisivit

68 1878 125 1921 adeo,
138 1883 160 1914 ut
171 1877 248 1924 injuste
261 1883 336 1927 ageret
348 1876 499 1919 confessarius,
512 1875 530 1912 si
538 1877 640 1921 omnibus,
654 1889 706 1926 quae
714 1878 739 1915 ad
747 1879 879 1917 obtinendam

67 1938 159 1987 gratiam
170 1938 344 1976 sacramentalem
357 1949 382 1974 ex
399 1944 459 1986 parte
474 1935 601 1985 poenitentis
616 1937 763 1986 requiruntur,
782 1939 879 1989 expletis,

24 1997 25 2005 ¹
66 1998 112 2046 ipse
120 1997 198 2044 judicis
211 1998 279 2035 offieio
291 1997 358 2047 fungi,
370 2004 392 2034 et
402 2010 462 2035 reum
474 1996 598 2044 simpliciter
611 1998 722 2035 absolvere
741 1999 878 2037 detrectaret.

68 2056 139 2104 „Quos
152 2058 205 2094 enim
223 2058 353 2105 omnipotens
370 2058 430 2094 Deus
448 2069 486 2105 per
504 2057 669 2106 compunctionis
687 2059 779 2108 gratiam
796 2060 877 2103 visitat,

66 2116 114 2153 illos
126 2116 222 2154 Pastoris
234 2117 339 2154 sententia
351 2115 493 2163 absolvat²)'.’'

262 2233 416 2287 disolationis
430 2233 503 2287 forma
517 2233 679 2286 conditionata.

140 2363 158 2418 ξ.
171 2360 222 2403 200.
236 2361 294 2412 Quod
306 2361 443 2400 absolutionis
454 2361 542 2400 formam
552 2352 712 2400 conditionatum
721 2360 803 2408 attinet,
817 2374 878 2413 qliae-

67 2427 146 2465 stiones
157 2428 229 2476 plures
241 2431 360 2463 morentur:
377 2426 400 2472 a]
414 2436 466 2474 quae
479 2429 499 2461 ct
518 2423 584 2475 qualis
597 2423 624 2461 sit
636 2423 704 2462 forma
719 2424 879 2464 conditionata?

66 2488 91 2535 b]
104 2500 152 2526 num
163 2488 221 2526 licita
232 2499 271 2525 nec
282 2488 322 2524 ne?
335 2488 358 2534 e]
371 2485 451 2536 quando
462 2486 531 2524 locum
542 2485 621 2523 hahere
632 2486 717 2534 possit?
734 2487 757 2534 d]
770 2499 819 2525 num
830 2499 878 2525 ver·

66 2547 98 2585 his
111 2549 199 2599 exprimi
210 2549 292 2593 debeat,
306 2560 331 2585 an
343 2554 411 2585 mente
424 2559 470 2585 eam
482 2546 563 2595 concipi
575 2545 674 2584 sufficiat.

144 2607 168 2656 l]
182 2609 328 2648 Conditionata
340 2608 476 2647 absolutionis
487 2607 562 2652 forma,
575 2607 600 2645 de
613 2620 653 2658 qua
663 2607 698 2647 hic
710 2621 780 2647 sermo
792 2615 835 2654 est,
854 2601 880 2647 ea

66 2670 302 2722 tantum-intelligitur,
321 2683 373 2721 quae
386 2670 524 2709 conditionem
539 2668 691 2720 depromenti
701 2669 798 2715 involvit,
816 2669 879 2708 illam

66 2728 176 2768 videlicet:
189 2731 214 2769 Si
226 2744 298 2782 capas,
311 2732 344 2770 vel
356 2732 439 2783 dignus,
452 2731 496 2769 siue
508 2730 624 2780 dispositus
637 2743 671 2777 es,
692 2744 732 2783 ego
747 2737 768 2770 te
786 2731 877 2770 absolvo.

65 2789 174 2827 Absolutis
186 2792 240 2829 enim
252 2794 328 2831 collata
340 2793 377 2830 sub
396 2793 513 2831 conditione
532 2792 557 2829 de
571 2793 661 2842 ficturo,
677 2805 697 2830 v.
710 2805 744 2844 gr.
762 2793 801 2832 „si
814 2792 877 2829 resti-

66 2881 262 2892 ¹¹·—-———--

90 2919 106 2958 1)
117 2917 176 2951 Cone.
186 2919 239 2953 Trid.
249 2921 417 2966 Scss.-X1V.eap.
428 2926 445 2958 5.
455 2943 480 2948 -
488 2927 504 2964 ²)
514 2924 535 2957 S.
545 2922 606 2965 tar-eg.
616 2924 667 2956 hom.
678 2925 708 2956 25.
718 2923 736 2955 in
745 2923 820 2965 Evang.
