2017 3193
854 99 895 141 187

93 231 177 269 poenam
190 217 283 267 peccatis
299 218 386 267 alioquin
399 216 488 255 debitam
506 217 635 254 inferendam
648 216 720 253 tardus
733 219 753 250 et
772 212 899 263 longanimis

91 282 150 317 Deus
165 290 267 327 passurus
289 278 325 323 sitj
343 279 445 316 incertum
462 282 500 312 est.
517 278 614 314 Timeant
631 289 693 327 ergo,
711 275 745 324 qni
772 274 796 311 ad
815 273 900 321 antiqua

92 353 139 379 mox
154 346 241 388 peccata
258 339 384 378 redit-enon
403 339 488 380 timent,
506 349 531 373 ne
546 337 567 374 in
579 337 623 374 suis
638 337 732 386 peccatis
748 335 899 374 sordescentes

91 404 150 440 Deus
163 401 187 438 ad
200 407 306 438 aeternam
319 414 389 439 eorum
401 397 537 451 ignominiam
550 404 571 435 et
583 398 724 435 confusionem
732 396 841 448 aliqnando
849 395 899 432 irri-

93 464 146 500 deat,
166 463 258 500 „lrrisor
270 469 315 508 est,
334 475 373 500 non
386 461 503 512 poenitens,
519 459 553 509 qui
572 457 638 495 adhuc
654 458 708 508 agit,
728 460 780 507 quod
798 457 899 508 poenitet,

94 538 130 563 nec
142 526 209 563 Deum
222 525 303 563 videtur
315 537 403 576 poscere
421 522 527 566 staticus,
544 520 580 558 sed
599 520 729 558 subsannare
745 522 834 570 superba
844 520 860 541 '⁵⁷
873 518 898 568 1).

93 588 169 627 ⁴‚a'PaHa
180 601 219 627 non
231 589 281 628 facit
294 588 427 628 Christianus
439 586 505 624 bonae
517 583 566 623 fidei
578 590 599 621 et
610 583 676 621 bonae
688 581 744 632 spei*
753 580 778 630 2).

357 744 530 815 captant
562 741 637 799 111.

92 885 132 933 Dc
136 885 276 948 principiis
282 883 441 948 peraccedens
449 884 519 930 cinca
527 881 723 945 satisfactionem
731 878 900 928 observanciis.

366 1026 584 1061 Articulus
606 1026 624 1059 l.

323 1128 356 1164 De
378 1125 519 1176 satisfactione
540 1125 669 1174 iaapoacada.

281 1255 451 1309 satisfactionis
465 1254 526 1307 notio
541 1261 562 1308 et
575 1256 714 1308 necessitas.

168 1380 185 1433 ξ.
200 1378 249 1420 1311.
263 1382 388 1420 satisfactio
401 1381 517 1432 generatim
537 1388 605 1418 sumta
621 1387 654 1418 est
668 1381 717 1418 mali
732 1363 838 1429 cujusdam
854 1392 901 1428 per-

93 1442 171 1493 pessio,
184 1443 294 1493 operisque
306 1443 422 1493 praestatio
435 1443 460 1481 ad
473 1443 545 1492 cnlpae
557 1441 695 1492 expiationem
705 1442 826 1491 composita.
841 1440 901 1478 Cirri-

94 1512 140 1543 stus
153 1504 234 1555 quidem
246 1518 283 1555 pro
295 1505 390 1555 peccatis
402 1505 481 1543 nostris
493 1504 553 1542 Patri
565 1511 650 1542 aeterno
665 1503 808 1554 plenissimam
827 1503 902 1541 obtulit

94 1567 274 1605 satisfactionem:
295 1581 356 1618 qtrum
369 1574 437 1605 tamen
456 1567 515 1605 homo
531 1567 613 1619 gratiae
633 1566 714 1605 divinae
729 1566 830 1605 beneficia
848 1564 902 1603 haud

94 1636 242 1679 consequatur,
254 1630 301 1674 nisi,
315 1636 412 1680 quantum
424 1630 444 1667 in
457 1643 480 1667 eo
489 1629 524 1674 sit,
536 1630 619 1681 gratiae
628 1635 761 1679 cooperetur,
773 1628 901 1666 satisfactio-

93 1692 125 1729 nis
138 1703 241 1742 quoquea
259 1691 343 1729 Christo
355 1693 443 1730 Domino
457 1692 538 1730 oblatae
557 1692 663 1741 particeps
676 1704 715 1728 non
734 1691 836 1735 redditur,
854 1690 901 1735 nisi,

94 1753 128 1803 qui
139 1765 176 1802 pro
188 1753 282 1802 peccatis
298 1754 429 1798 commissis,
449 1747 554 1803 quantum¹
566 1759 649 1803 potest,
665 1753 791 1790 satisfacere
806 1752 901 1789 intendit.

93 1815 145 1852 Naar
158 1814 182 1852 ad
194 1815 307 1853 novitatem
323 1822 343 1853 et
360 1816 506 1866 integritatem
524 1816 579 1853 vitae
598 1827 635 1864 per
648 1815 810 1853 Sacramentum
828 1814 902 1851 Poeni-

95 1875 172 1913 tentiae
185 1876 229 1913 sine
241 1877 323 1927 rrragnis
336 1877 414 1914 nostris
427 1876 511 1914 fletibus
525 1884 545 1914 et
560 1876 666 1914 laboribus
684 1888 813 1925 nequaquam
829 1888 902 1924 perve-

94 1936 138 1973 nire
150 1948 262 1984 possumus
274 1937 342 1974 (licina
353 1938 373 1974 id
386 1938 485 1988 exigente
493 1937 583 1985 justitia,
595 1937 646 1974 licet
658 1936 738 1974 aluisa
749 1936 902 1974 satisfactionis

35 2029 37 2033 .
94 1996 208 2046 participes
220 1997 331 2035 reddamur
343 2010 380 2047 per
392 1998 523 2048 Baptismum
534 2000 594 2048 plene
607 2004 628 2034 et
639 1997 760 2048 omnigene,
778 1997 815 2041 ita,
828 2002 851 2034 ut
863 1997 903 2034 alia

94 2057 148 2094 haud
159 2058 253 2106 supersit
264 2070 329 2106 poena
341 2059 422 2096 luenda.
443 2058 528 2097 „Prima
546 2064 640 2107 peccata,
658 2058 724 2107 inquit
742 2057 764 2095 S.
778 2058 903 2105 Chrysosto-

94 2129 147 2161 mus,
162 2117 233 2167 gratia
244 2124 266 2154 et
282 2118 415 2169 benignitate
430 2118 517 2156 virtutis
535 2118 616 2156 Christi
634 2118 730 2156 crncifixi
742 2124 817 2156 cuncta
836 2118 904 2154 deleta

94 2184 149 2214 sunt.
169 2176 226 2224 Quae
244 2190 295 2213 vero
313 2185 361 2227 post
378 2180 508 2228 Baptismum
528 2180 639 2217 commissa
652 2185 713 2222 sunt,
732 2180 796 2216 multo
808 2178 904 2227 indigent

94 2237 175 2282 studio,
197 2244 219 2275 ut
238 2250 313 2275 rursus
332 2238 450 2277 deleantur:
476 2239 640 2289 quandoquidem
658 2251 724 2288 neque
740 2239 853 2276 secundnm
871 2244 904 2276 est

94 2301 209 2344 lavacrum,
222 2299 258 2336 sed
270 2299 369 2347 lacrymis
381 2299 476 2351 indigent
488 2300 575 2344 nostris,
595 2299 738 2343 confessione,
757 2300 904 2347 eleemosynis,

94 2360 191 2409 precibus
204 2360 292 2409 aliisque
303 2360 418 2411 generibus
430 2360 523 2398 omnibus
536 2360 627 2409 pietatis.
642 2360 679 2398 Sic
691 2360 754 2397 etiam
766 2361 904 2409 postBaptis-

93 2434 148 2459 anum
161 2421 257 2460 delentur
270 2428 367 2472 peccata,
383 2423 447 2460 multo
466 2428 534 2460 tamen
550 2434 596 2460 cum
614 2421 686 2459 labore
699 2427 720 2458 et
731 2420 903 2474 fatigatione’'³).

168 2482 354 2535 Quantumcunque
367 2491 436 2523 autem
449 2483 532 2537 fragilis
544 2484 572 2523 sit
580 2490 601 2522 et
608 2484 682 2522 bonum
691 2485 791 2534 operandi
801 2485 904 2535 impotens

94 2552 170 2585 natura
184 2547 284 2592 humana,
299 2547 473 2600 benignissimum
491 2547 635 2592 nihilominus,
652 2547 704 2598 quod
719 2547 779 2586 nobis
794 2548 869 2586 Filium
884 2548 905 2586 in

93 2608 242 2658 redemptionis
250 2610 341 2659 pretium
349 2612 463 2656 concessit,
475 2611 562 2655 Numen}
575 2622 710 2661 quaeeunque
722 2610 904 2661 bonaperagimus

94 2671 180 2707 etmala
192 2672 329 2717 sustinemus,
349 2672 429 2722 quando
441 2672 529 2710 intentio
549 2672 636 2711 accedat
654 2685 691 2722 per
710 2685 747 2715 ea,
767 2672 865 2722 operibns
884 2679 905 2710 et

93 2729 225 2776 passionibus
237 2733 321 2770 Domini
332 2733 405 2771 Nostri
417 2734 481 2779 unita,
501 2734 605 2785 etgratia
624 2733 743 2771 Salvatoris
759 2734 848 2778 nutrita,
868 2746 903 2782 pro

90 2817 267 2829 —————

117 2875 136 2913 1)
144 2872 165 2905 S.
175 2873 221 2907 Isid.
231 2876 275 2909 libr.
286 2880 303 2910 2.
314 2879 368 2912 Sent.
380 2887 397 2911 c.
409 2881 437 2912 to.
469 2899 475 2903 -
488 2881 503 2916 Ξ]
514 2879 562 2924 Aug.
574 2879 596 2911 de
610 2878 665 2912 verb.
679 2880 747 2922 Apost.
762 2888 820 2912 serm.
834 2878 863 2908 29.
880 2896 904 2900 —

142 2920 158 2965 ³)
168 2921 231 2956 Serra.
241 2926 270 2958 36.
281 2927 304 2961 do
313 2928 386 2970 poenit.
