2056 3193
308 253 335 298 Β.
347 254 381 296 De
394 248 537 294 absolutione
548 265 592 293 non
605 251 684 293 danda.

93 416 109 459 3.
124 418 167 451 202.
177 413 196 459 a)
206 414 278 448 Dilatio
315 424 812 440 ·········

90 468 108 508 ξ.
122 468 165 499 203.
176 463 297 498 continuatio
318 473 812 488 ·········

91 517 108 557 ς.
122 516 165 548 203.
175 513 196 554 h)
205 512 314 557 Denegatio

90 565 108 605 ξ.
121 566 164 597 205.
173 562 260 606 chulae
270 560 369 605 practicae
378 572 811 584 ········

91 614 107 654 ξ,
123 614 165 646 206.
175 612 240 645 Media
248 611 298 644 inter
307 609 394 651 rigorem
404 608 424 638 et
432 605 531 638 laxitatem
540 605 572 638 via
625 621 630 628 ·
686 620 691 629 ·
747 622 751 630 .
808 621 812 629 .

91 663 108 702 ἓ.
123 664 164 695 207.
173 658 307 694 Absolutionis
317 654 464 688 sacramentalis
474 655 535 687 torma
544 658 565 687 et
573 662 644 686 sensus
686 670 691 679 ·
748 670 751 677 ·
808 670 813 679 .

92 711 109 751 §-
123 712 166 743 208.
175 709 247 742 Modus
257 704 325 749 agendi
334 705 353 737 in
363 703 484 737 absolutione
494 703 556 736 danda
563 718 813 729 .....

91 761 109 800 §-
122 761 164 793 203.
174 756 303 801 Quaestiones
312 752 410 796 practicae
419 752 467 785 hanc
476 751 577 785 materiam
587 754 699 793 spectantes
748 767 753 776 ·
809 767 813 775 ·

92 810 109 849 ἓ.
122 810 164 841 210.
174 806 245 840 Modus
254 801 323 846 agendi
331 802 350 834 in
359 800 480 834 absolutione
491 799 631 834 differenda·
687 816 692 825 ·
748 816 753 824 ·
810 815 815 824 ·

93 859 111 899 ξ.
125 859 167 890 211.
176 854 247 887 Modus
257 850 325 895 agendi
335 851 354 884 in
363 849 484 884 absolutione
495 849 630 893 deneganda·
687 866 692 874 ·
748 865 753 874 ·
811 864 815 872 ·

398 972 601 1020 Sectioll.

159 1098 193 1136 Da
202 1097 320 1148 principiis
332 1096 464 1147 specialibus
474 1096 498 1133 in
509 1095 701 1134 administratione
712 1096 844 1135 sacramenti

342 1157 499 1197 Paenitentiae
510 1156 658 1195 observanciis.

94 1267 112 1307 ἓ.
126 1267 169 1299 212.
179 1264 300 1308 Conspectus
320 1279 816 1290 ·········
870 1266 906 1298 312

413 1376 590 1440 Caputl.

131 1498 166 1537 De
175 1499 293 1548 principiis
304 1498 438 1547 specialibus
448 1498 535 1537 ratione
546 1497 623 1536 habita
634 1502 707 1537 statas
717 1499 876 1546 poenitentiam

455 1559 544 1598 interni.

330 1666 357 1708 A.
368 1665 414 1707 Pro
426 1664 490 1707 varia
501 1664 582 1707 mentis
593 1663 675 1708 indole.

96 1775 114 1816 §-
127 1777 170 1808 213.
179 1773 256 1807 Eruditi

96 1825 114 1864 ξ.
128 1825 170 1857 213.
180 1823 247 1856 Fidem
256 1827 356 1865 negantes,
366 1828 386 1856 et
395 1823 413 1855 in
422 1832 446 1856 ea
454 1827 544 1856 nutantes
569 1839 819 1849 ·····

97 1873 115 1913 §-
128 1874 171 1905 215.
180 1872 246 1904 Adulti
255 1872 273 1904 in
281 1871 374 1914 reiigione
384 1872 496 1914 Ignorantes
509 1888 820 1898 ······

97 1922 114 1962 ἓ.
127 1922 170 1954 216.
180 1920 248 1953 Inculti
258 1924 277 1954 et
285 1919 356 1963 plebeji
385 1936 819 1947 ........

97 1971 115 2011 ξ.
129 1971 172 2003 217.
181 1968 269 2003 Hebetes
323 1985 820 1996 ·········

310 2090 336 2132 B.
349 2090 395 2133 Pro
408 2090 470 2133 varia
480 2089 601 2133 voluntatis
612 2089 694 2132 indole.

97 2203 115 2244 §-
129 2203 171 2238 218.
180 2200 240 2234 Lenta
249 2210 272 2234 ac
280 2200 363 2234 venialia
372 2200 488 2235 confitentes
497 2204 579 2243 peccata
641 2242 643 2245 ι

97 2255 114 2296 ξ.
128 2253 170 2285 219.
179 2250 279 2283 Personae
289 2248 372 2284 devotae
381 2249 528 2293 inperfectione
538 2248 642 2284 christiana
647 2247 743 2292 proficere
748 2249 847 2293 cupientes
873 2252 909 2284 322

98 2306 115 2346 5.
130 2302 173 2335 220.
182 2299 222 2332 Eas
233 2298 326 2341 dirigendi
336 2300 405 2333 arodus
447 2315 820 2325 ·······
873 2301 909 2333 323

97 2355 115 2396 5.
130 2351 172 2384 221.
183 2346 305 2381 continuatio
325 2364 821 2374 .........
874 2350 910 2382 326

98 2406 115 2446 ξ.
128 2402 171 2435 222.
180 2397 257 2439 Regula
265 2396 317 2431 vitae
327 2397 410 2431 devotae
447 2414 821 2424 .......
874 2401 909 2431 327

97 2457 115 2497 5,
130 2450 172 2486 223.
180 2446 281 2479 Personae
290 2446 314 2480 ad
323 2447 409 2490 speciem
419 2446 502 2480 devotae
874 2449 909 2480 333

98 2506 116 2547 5,
130 2504 173 2537 2214.
183 2496 316 2538 'tepescentes
324 2512 820 2522 ·········
874 2498 910 2529 335

98 2555 115 2596 g,
129 2553 171 2586 225,
181 2545 201 2578 ln
210 2544 297 2587 periculo
307 2544 375 2589 lapsus
385 2545 486 2579 constituti
508 2561 820 2572 ......
874 2547 910 2579 333

98 2604 116 2645 g,
131 2604 173 2636 225,
182 2593 276 2637 Neolapsi
325 2610 821 2620 .........
874 2596 909 2628 337

99 2654 116 2694 g·
129 2654 173 2686 227,
182 2642 268 2676 Malitiae
277 2647 359 2686 peccata
368 2643 483 2677 confitentes
508 2660 820 2670 ......
885 2662 910 2668 ,.

99 2703 117 2743 §-
131 2702 173 2735 228,
182 2692 267 2725 Peccata
276 2692 378 2726 occasione
387 2696 432 2725 nata
441 2691 563 2726 confitentes.
572 2710 596 2716 ω
604 2691 663 2725 Notio
673 2697 692 2727 et
702 2692 771 2726 divisio
779 2701 811 2726 oc·

183 2740 267 2774 casionis
276 2742 352 2784 peccati
387 2758 821 2768 ········
874 2743 909 2775 339

99 2799 116 2839 ς,
130 2801 174 2835 229.
183 2789 310 2823 Adsentiones
320 2790 372 2823 circa
382 2791 497 2824 occasiones
507 2790 600 2834 peccandi
610 2790 705 2825 tollendas
715 2791 840 2825 evitandasve
873 2791 909 2824 att

100 2848 117 2887 ς,
130 2851 173 2883 230,
182 2839 256 2881 Agendi
272 2838 322 2872 ratio
341 2839 456 2873 confessarii
469 2849 511 2874 cum
524 2840 558 2881 iis,
577 2839 609 2884 qui
621 2844 667 2874 sunt
679 2841 697 2874 in
707 2840 811 2874 occasione

100 2896 118 2936 5,
131 2899 174 2934 231.
183 2887 272 2931 proxima
280 2888 372 2930 peccandi
387 2904 820 2916 ........
874 2890 911 2922 3¹12

100 2944 118 2984 ς,
132 2948 173 2982 232.
183 2937 256 2971 itionita
265 2946 300 2981 pro
309 2937 431 2971 confessario
448 2952 820 2964 ·······
874 2939 910 2972 3'45
