2056 3193
149 121 178 165 80

149 250 239 276 censura
250 240 380 275 reservatum
392 238 503 283 exponunt,
515 233 561 271 vide
572 234 630 271 Part.
643 234 669 270 ll.
690 235 748 273 Sect.
761 237 786 274 11.
800 235 831 290 §§
851 236 906 275 Casu
919 249 952 274 re.

149 305 234 337 servato
245 295 313 335 innexi
325 300 345 331 et
357 293 453 332 Censura
464 294 549 334 irretiti.

267 414 398 468 iurisdictio
414 413 604 467 confessariorum
618 419 717 483 tempore
731 413 837 469 lubilaei.

223 539 242 592 ξ.
254 537 290 580 53.
304 543 407 590 Tempore
419 539 510 577 Jubilaei
522 552 533 576 a
546 539 631 576 Summo
648 540 751 578 Pontifice
767 542 870 590 speciales
887 544 954 583 absol-

148 602 208 641 vendi
219 602 332 641 facultates
341 600 481 640 Confessariis
491 600 577 639 concedi
585 601 660 646 solent,
673 613 724 651 quae
736 601 756 639 in
765 602 833 640 literis
843 606 955 653 encyclicis

148 676 266 721 expressae*
279 665 385 715 leguntur.
404 663 457 700 Sunt
469 661 506 698 hae
519 662 631 700 facultates
646 663 767 713 plerumque
786 664 852 702 ferme
871 667 956 705 eaedem

147 727 167 763 in
181 738 261 776 genere
274 738 325 770 suo,
337 731 370 761 ast
382 723 448 774 quoad
459 729 554 761 tenorem
566 724 643 761 anrbitu
654 725 700 774 plus
711 725 805 763 minusve
818 732 924 766 extensae.

225 788 266 825 Pro
285 786 382 824 uberiore
400 785 541 835 intelligentia
558 784 596 822 has
618 784 745 831 facultates,
767 794 830 837 prout
847 788 868 825 in
887 788 955 827 literis

149 849 263 898 encyclicis
276 849 307 886 die
318 844 354 886 21.
366 847 418 894 Nor,
433 842 491 885 1851
504 846 557 884 datis
570 846 693 884 exhibentur
707 854 727 885 et
738 855 812 897 postea
830 848 862 886 die
878 846 896 887 1.
914 853 955 889 Au·

149 911 208 962 gusti
219 906 276 949 1854
288 910 353 947 denuo
366 920 480 946 concessae
493 914 560 952 erant,
579 908 702 959 singillatim
718 911 826 958 tyronibus
843 911 955 950 Confessa-

150 973 229 1009 riorum
242 983 344 1021 exponere
356 969 410 1008 lraud
423 971 460 1007 abs
471 982 495 1007 re
508 982 555 1007 esse
567 970 668 1008 ducimus.

228 1030 246 1071 1.
258 1035 312 1070 Dum
323 1032 432 1081 poenitens
445 1031 527 1069 accedit
539 1031 564 1068 ad
576 1031 729 1069 confessionem
742 1046 787 1071 erim
803 1034 823 1070 in
839 1034 915 1080 finem,
934 1041 957 1072 ut

150 1108 188 1144 per
201 1094 360 1132 Sacramentum
372 1105 395 1130 se
408 1093 503 1141 disponat
515 1093 540 1130 ad
557 1092 708 1143 indulgentiam
720 1094 811 1132 Jubilaei
827 1095 956 1140 lucrandam,

151 1156 236 1206 quilibet
247 1154 390 1194 confessarius
403 1154 427 1191 ab
441 1153 552 1191 Ordinarie
565 1154 589 1191 ad
602 1155 746 1192 confessiones
758 1156 871 1193 audiendas
884 1158 959 1207 adpro-

150 1218 211 1254 batus
222 1217 289 1265 ipsmu
302 1217 341 1255 „ab
354 1215 582 1259 exconnuunicationis,
595 1217 739 1264 suspensionis
752 1215 773 1254 et
783 1217 890 1255 interdicti
902 1219 958 1256 aliis-

151 1291 189 1328 que
202 1277 355 1315 ecclcsiasticis
375 1277 485 1314 sententiis
498 1284 518 1314 et
530 1276 626 1315 censuris
639 1290 650 1314 a
665 1277 714 1326 jure
726 1278 759 1314 vel
772 1279 796 1316 ab
808 1278 890 1316 homine
909 1293 958 1329 qua·

151 1340 183 1376 ris
196 1339 220 1376 de
233 1351 297 1377 causa
308 1339 364 1383 latis,
376 1344 462 1388 praeter
473 1337 529 1375 infra
541 1343 648 1387 exceptas
663 1351 753 1376 necnon
766 1340 791 1377 ab
804 1340 898 1377 onmibus
911 1353 958 1390 per-

152 1400 205 1439 eatis
217 1422 246 1427 —
262 1399 392 1450 quantumvis
408 1400 509 1450 gravilms
525 1405 545 1436 et
561 1399 679 1437 enormibus
698 1400 761 1437 etiam
775 1402 880 1439 Locorum
898 1402 958 1440 Ordi-

151 1462 216 1499 nariis
229 1468 263 1499 aut
276 1461 326 1499 Sedi
337 1460 471 1510 Apostolicae
484 1461 571 1509 speciali
582 1460 632 1498 licet
643 1461 711 1498 forma
722 1462 851 1508 reservatis,
871 1469 891 1499 ct
909 1475 958 1512 quo-

151 1536 196 1560 rum
209 1523 310 1560 absolutio
323 1522 375 1559 alias
387 1535 424 1572 per
437 1523 537 1573 generale
548 1521 665 1569 hujusmodi
680 1522 782 1560 indultum
798 1535 837 1560 non
853 1523 958 1575 intellige-

152 1590 210 1621 retur
223 1595 331 1627 concessa,
343 1583 364 1620 in
376 1584 421 1620 fero
435 1583 575 1621 conscientiae
589 1589 610 1619 et
620 1584 662 1620 lecte
672 1586 718 1620 nice
730 1586 829 1621 taratrum
840 1584 961 1622 absolvendi

152 1650 255 1694 potestate
267 1644 351 1696 gaudet.
363 1643 517 1695 Eoeetpiteutnr
529 1650 597 1681 tamen
617 1645 639 1690 a]
653 1643 724 1692 Quoad
734 1657 845 1695 personas
856 1646 960 1683 liloniales

153 1706 245 1755 aliaeque
257 1706 357 1743 mulieres
368 1706 424 1743 intra
437 1705 535 1742 Claustra
551 1711 715 1750 commorantes,
732 1718 785 1754 quae
797 1706 825 1752 uad
841 1706 895 1744 inme
911 1708 960 1744 effe-

153 1773 207 1804 ctum
220 1766 259 1804 sibi
271 1767 351 1818 eligere
365 1766 517 1804 confessarium
530 1766 591 1803 alium
603 1777 643 1802 uon
659 1773 769 1816 poterunt,
786 1767 827 1803 nisi
840 1767 908 1812 talem,
927 1767 961 1816 qui

154 1828 277 1877 approbatus
290 1829 318 1865 sit
329 1840 366 1877 pro
377 1828 510 1864 Martialibus.
523 1828 547 1873 b]
557 1826 628 1874 Quoad
642 1825 757 1865 Consanus
766 1828 897 1877 excipiuntur
904 1829 960 1872 illac,

154 1889 226 1939 quibus
239 1890 340 1938 quispiam
351 1891 480 1927 leonumque
491 1889 575 1937 punitus
586 1888 620 1924 vel
632 1888 652 1925 in
665 1900 716 1937 quas
729 1888 828 1926 incidisse
841 1889 961 1926 declaratus

154 1950 202 1996 fuit:
225 1957 374 2000 praeterquam
393 1950 411 1987 si
428 1950 485 1987 intra
503 1949 631 1998 praedictum
650 1961 743 1986 rnensenr
765 1950 888 2001 obligationi
910 1962 960 1987 suae

153 2011 289 2056 satisfecerit,
303 2010 412 2049 autsilroc
424 2016 535 2060 praestare
548 2015 644 2062 nequeat,
657 2010 806 2061 obligationem
819 2012 875 2049 serio
888 2023 960 2049 susee-

152 2072 214 2121 perit,
227 2072 379 2116 satisfaciendi,
392 2084 452 2121 quam
464 2071 553 2119 primum
564 2070 648 2120 poterit.

229 2129 254 2179 2)
266 2135 354 2182 Insuper
367 2139 390 2169 ut
401 2133 496 2170 euntibus
512 2132 595 2170 facilior
610 2137 718 2169 sternatur
729 2132 775 2176 ria,
791 2146 830 2183 quo
847 2133 872 2170 ad
887 2132 961 2170 salutis

153 2193 194 2229 iter
212 2195 291 2242 possint
310 2194 391 2238 redire,
408 2193 481 2230 iisdem
501 2192 639 2229 confessariis
657 2193 748 2230 facultas
760 2194 867 2238 tribuitur,
885 2200 908 2230 ut
926 2205 961 2229 eos

154 2267 231 2298 omncs,
245 2256 278 2305 qui
290 2255 355 2292 sectis
368 2267 390 2292 se
404 2255 481 2292 misere
494 2254 659 2303 adscripserunt,
679 2267 703 2292 ae
718 2267 769 2291 rere
787 2254 919 2304 poenitentes
937 2254 961 2291 ad

154 2315 331 2352 reconciliationis
345 2315 505 2353 Sacramentum
518 2314 627 2357 accedunt,
640 2315 750 2352 absolvere
763 2315 851 2364 illosque
867 2315 891 2351 ab
911 2314 961 2351 ohli-

155 2375 238 2424 gatione
250 2375 387 2413 denunciandi
399 2375 511 2424 cornplices
530 2375 652 2423 dispensare
668 2381 744 2424 queant
759 2375 784 2412 ad
800 2377 897 2413 effectum
913 2387 962 2413 cen-

155 2435 254 2483 sequendi
267 2436 381 2485 plenariam
396 2434 557 2486 indulgentiam,
578 2435 679 2472 consultis
695 2434 792 2472 adhibitis
809 2436 961 2483 conditionibus

155 2501 176 2532 et
188 2497 279 2544 exceptis
291 2498 383 2542 casibus,
395 2498 416 2535 in
429 2496 501 2546 quibus
515 2496 540 2532 ad
552 2495 648 2533 evitanda
659 2495 739 2544 majora
747 2501 767 2533 et
775 2497 876 2549 graviora
888 2496 961 2534 damna

155 2557 283 2595 denuntiatio
296 2559 377 2596 crimino
389 2556 513 2596 necessaria
524 2556 627 2594 videatur¹

232 2614 252 2656 3.
274 2620 389 2659 Praeterea
407 2620 497 2658 facultas
516 2618 652 2657 confessariis
675 2619 788 2666 tribuitur,
813 2619 961 2668 „dispensandi

154 2691 218 2730 super
229 2679 394 2728 irreqolorttete
405 2693 435 2719 ear
447 2679 565 2718 etotertone
576 2691 723 2718 censurarmn
731 2687 847 2724 contracta,
860 2687 961 2729 quatenus

155 2743 179 2781 ad
191 2742 260 2779 forum
273 2748 380 2780 externum
391 2757 430 2782 non
446 2743 475 2781 sit
490 2742 578 2780 deducta
596 2755 635 2781 nec
653 2743 715 2781 facile
730 2742 860 2787 deducenda,
876 2750 961 2792 praeter

153 2805 208 2843 hane
219 2816 271 2842 rere
288 2803 417 2843 eonfessnti
428 2804 532 2856 praedicti
543 2804 619 2841 nullam
632 2803 753 2843 facultatem
764 2804 869 2842 habebunt
881 2804 962 2856 dispen-

155 2868 214 2906 sandi
226 2880 289 2918 super
302 2866 342 2903 alia
354 2868 425 2916 quavis
437 2867 597 2920 irregularitate
616 2889 645 2894 —
657 2874 692 2905 aut
704 2879 767 2916 super
780 2867 821 2905 alia
832 2866 962 2906 inhabilitate

156 2930 339 2982 quomodocunque
352 2930 480 2968 eontracta.’'
