2017 3193
873 127 917 171 299

110 254 172 297 debet
182 248 277 292 credere,
289 247 325 286 sed
337 248 425 299 differre
436 245 605 296 absolutionem,
618 245 752 296 quoadusque
765 244 789 282 ab
801 242 849 280 istis
857 253 917 281 occa·

110 311 202 352 sionibus
213 309 314 359 peccandi
324 307 462 352 recesserint,
475 314 495 345 61
506 307 649 358 quoadusque
658 319 700 358 per
711 303 804 357 aliquod
813 305 919 354 temporis

110 374 206 424 spatium
216 370 246 409 ud
256 382 294 409 eus
304 383 349 410 uou
359 369 475 409 redtertnt-
484 368 537 405 Nam
548 367 567 404 si
578 367 638 404 detur
649 367 751 405 absolutio
764 367 810 404 sine
822 376 859 415 spe
869 376 918 414 pro·

109 432 180 477 babili,
193 431 245 482 quod
256 432 364 481 poenitens
371 429 441 468 ‘stabit
452 428 570 477 promissis,
583 427 677 478 Sanguis
689 428 743 466 Jesu
755 427 836 466 Christi
847 426 918 475 profa-

110 493 190 532 nationi
201 494 317 543 exponitur,
329 499 350 530 et
360 488 481 541 presbyteri
491 488 617 526 iteratarum
628 489 790 537 prolapsionum,
803 495 824 526 et
833 488 919 525 illorum

110 555 211 593 malorum
222 566 245 592 se
256 566 305 592 reos
318 553 455 595 constituunt,
468 561 520 599 quae
533 561 559 586 611
569 548 629 586 ialsis
641 555 766 594 naseuntur,
782 548 917 587 absolutioni·

110 617 156 660 bus,
168 615 246 667 quibua
254 617 315 666 perit
325 618 371 653 tum
379 611 573 664 presbyterorum
586 611 632 648 tum
635 611 793 660 poenitentium
800 609 917 648 tutellituo'o

110 677 195 728 infinito
204 674 243 725 1).”

183 739 206 775 In
218 736 310 776 Concilio
322 734 435 783 Pruqeuso'
452 731 581 770 Provinciali
592 731 640 769 anni
659 727 731 776 1603,
750 737 824 780 postea
841 743 917 770 recuso

111 811 162 837 anno
175 794 304 846 1650jussu
314 796 341 833 D.
353 793 513 843 Archiepiscopi
525 792 586 830 (land.
599 793 624 830 de
635 792 734 831 Harracb
743 790 770 839 ²),
781 792 811 828 ita
823 791 918 829 admone-

110 866 144 897 tur
157 858 314 897 confessarius:
333 854 405 903 „Quos
422 854 443 891 in
461 853 562 904 graviora
574 853 661 891 crimina
672 853 795 903 frequenter
814 865 839 890 ex
853 864 920 902 prava

112 920 260 959 consuetudine
272 916 372 961 incidisse
385 914 538 958 animadvertit,
549 917 578 952 ite
590 914 620 952 ud
630 913 716 965 aliquot
726 914 780 964 dies,
794 919 855 963 atque
868 913 919 952 adeo

111 992 201 1025 menses,
210 981 281 1031 prout
289 976 361 1015 anneot
370 979 470 1025 proauus
481 978 588 1025 caeperit,
602 975 763 1013 absolutionem
775 974 872 1025 differat:
889 974 920 1011 ita

112 1048 181 1079 tamen
192 1046 215 1077 ut
225 1040 273 1077 illos
285 1049 369 1082 sanare,
380 1049 421 1075 non
434 1042 502 1075 autem
513 1036 534 1073 in
546 1036 714 1085 desperationem
730 1042 765 1074 aut
777 1035 920 1074 confusionem

87 1135 89 1137 ,
111 1102 224 1145 inducere,
242 1099 274 1149 pie
286 1099 441 1148 prudenterque
452 1104 553 1147 procuret
561 1095 602 1145 ³].=⁶
620 1098 678 1134 Bene
689 1097 756 1148 igitur
766 1096 919 1146 pensitandum‚

111 1167 207 1210 spectata
217 1160 343 1209 poenitentis
354 1160 430 1204 indole,
442 1166 512 1197 utrum
530 1159 627 1197 dilatione
646 1158 782 1196 absolutionis
800 1158 919 1207 periculose

111 1220 237 1272 affligendus
253 1220 408 1265 irritandusve,
427 1233 452 1258 an
469 1232 520 1257 vero
539 1219 653 1258 salubriter
671 1219 794 1257 excitandus
813 1218 919 1257 credatur.

110 1282 193 1319 Etenim
203 1281 224 1318 in
235 1281 303 1330 priori
314 1293 365 1319 casu
377 1281 480 1330 oportebit
499 1280 650 1318 absolutionem
668 1280 735 1325 dare‚‚
751 1292 811 1329 quam
830 1278 919 1329 alioquin

111 1341 196 1380 differre
208 1342 361 1380 maluissemus.

436 1458 588 1512 Continuatio.

185 1581 202 1635 ξ.
214 1579 266 1622 203.
278 1584 359 1621 Verum
371 1584 488 1628 obmovent,
499 1584 520 1621 in
532 1583 681 1621 eonfessionali
693 1584 814 1633 poenitenti
826 1582 920 1620 creden-

111 1643 263 1682 contramuto
276 1645 415 1689 concedimus,
428 1645 447 1682 si
458 1645 482 1682 de
494 1645 557 1682 factis
571 1651 604 1682 est
615 1657 693 1688 sermo,
706 1656 758 1694 quae
771 1644 873 1682 confitens
885 1643 919 1681 ad·

89 1730 91 1732 -
111 1704 188 1749 firmat,
199 1716 219 1742 v.
231 1718 252 1756 g.
265 1718 313 1743 num
325 1705 363 1743 hoc
375 1705 451 1743 illudve
462 1701 573 1754 peccatum
583 1705 711 1754 patraverit,
729 1700 764 1742 vtss
779 1705 803 1742 ab
818 1704 858 1742 hoe
873 1697 928 1742 inde*

111 1771 204 1815 tempore
215 1766 333 1812 iteraverit,
351 1778 400 1804 num
412 1766 502 1804 ablatum
514 1766 642 1811 restituerit,
661 1778 709 1804 num
721 1766 854 1804 occasionem
872 1777 920 1815 pee-

112 1826 172 1865 oandi
183 1826 310 1873 divitaverit,
322 1840 370 1865 num
381 1828 477 1879 popinam
489 1828 561 1866 diebus
572 1818 655 1866 feriatis
667 1840 708 1865 non
720 1828 807 1877 amplius
823 1827 920 1876 frequen·

112 1895 157 1927 tare
175 1888 264 1927 firmiter
283 1890 412 1936 decreverit3
431 1896 464 1928 ast
476 1890 495 1927 si
506 1890 530 1928 de
539 1890 617 1939 judicio
630 1902 693 1940 super
705 1889 757 1928 haee
769 1890 826 1927 faeta
838 1888 920 1939 quaeri-

111 1957 153 1995 tur,
165 1962 205 1988 non
218 1950 257 1988 soli
268 1952 383 2002 poenitenti
394 1951 520 1990 credendum
532 1958 571 1998 cst,
584 1951 620 1990 sed
632 1964 680 1990 num
691 1958 801 2001 peccatum
813 1950 921 2002 quodpiam

111 2023 149 2062 pro
161 2012 262 2064 graviore
274 2013 387 2060 levioreve,
399 2026 448 2053 num
460 2013 529 2060 dolor,
548 2026 608 2065 quem
621 2014 722 2052 confitens
735 2014 759 2052 de
770 2013 864 2064 peccatis
877 2013 921 2050 suis

111 2073 189 2111 habere
202 2075 286 2121 asserit,
297 2087 335 2125 pro
347 2087 399 2125 puro
412 2082 433 2114 61
445 2076 547 2128 genuino,
564 2076 695 2126 propositum
712 2088 750 2126 pro
769 2076 859 2120 efficaci,
878 2074 920 2112 ani·

111 2146 157 2172 mus
169 2147 207 2184 pro
220 2136 327 2175 emendato
339 2136 434 2176 habenda
446 2138 495 2183 sint,
509 2138 652 2176 confessarius
663 2138 709 2187 ipse
721 2137 821 2185 dijudicet
831 2148 920 2174 neeesse

112 2201 151 2234 est.
169 2196 200 2233 Ad
211 2197 277 2235 verba
287 2196 351 2237 haec:
365 2199 498 2237 „Poenitenti
509 2200 565 2237 sicut
576 2206 650 2237 contra
661 2211 697 2244 se,
716 2199 745 2236 ita
758 2205 778 2236 et
788 2211 826 2247 pro
838 2210 861 2234 se
874 2209 920 2236 cre·

112 2257 200 2295 dendum
212 2264 266 2303 est„
280 2258 443 2306 eontensontus,
459 2260 555 2299 doctrina
567 2266 587 2297 et
597 2261 675 2310 pietate
686 2259 777 2310 insignis
788 2258 920 2310 Religiosus,

112 2317 218 2368 sapienter
229 2319 336 2368 reposuit:
354 2321 492 2369 Respondeo,
510 2321 589 2371 inquit,
609 2322 662 2370 quod
679 2320 729 2358 licet
740 2320 761 2357 in
773 2320 921 2358 enumerandis

112 2385 220 2418 anteactae
232 2380 287 2419 vitae
298 2382 399 2430 peccatis,
411 2382 432 2419 in
445 2382 567 2419 enarrandis
585 2383 689 2420 scelerum
706 2395 794 2420 numero
812 2381 883 2432 speeie
902 2388 922 2418 61

100 2441 277 2479 scircurnstantiis
290 2442 415 2480 eredendum
427 2443 467 2487 sit,
487 2443 560 2492 quippe
572 2443 607 2491 qui
618 2443 676 2481 solus
688 2444 742 2481 male
761 2450 823 2494 gesta
841 2456 880 2481 sua
892 2443 921 2480 di-

101 2513 217 2552 ,gnoscere
228 2508 308 2552 potest:
327 2509 417 2541 attamen
430 2510 527 2554 quantum
540 2503 613 2541 attinet
632 2504 657 2542 ad
672 2505 742 2543 cordis
755 2504 921 2548 conversionem,

113 2574 159 2600 cum
171 2563 278 2602 multoties
289 2565 354 2603 verba
366 2564 496 2610 fefellerunt,
514 2576 554 2602 non
566 2565 619 2603 satis
636 2571 681 2604 tuto
693 2565 724 2603 illi
742 2566 849 2610 creditur,
868 2564 921 2603 unde

111 2646 292 2658 -—·—-

138 2693 152 2732 1)
161 2693 215 2727 Part.
224 2695 257 2728 lv.
266 2695 294 2728 111.
304 2697 321 2729 9.
329 2705 372 2740 cap.
381 2699 399 2730 5.
409 2714 433 2720 -—
441 2699 458 2738 ²]
468 2696 532 2730 Titulo
543 2697 566 2730 de
578 2695 650 2741 p'oenit.
660 2708 679 2741 p.
689 2699 718 2731 78.
726 2716 751 2720 —
759 2697 775 2741 ³)
786 2697 826 2731 Gir.
841 2697 921 2730 Disser-

160 2742 252 2794 tationem
261 2744 316 2777 (lard-
330 2746 353 2778 de
367 2746 439 2788 Aguire
448 2746 467 2778 in
477 2745 572 2779 eanones.
583 2748 612 2779 11.
628 2750 647 2779 et
657 2749 686 2781 12.
696 2746 778 2780 Concilii
787 2746 850 2780 Tolet.
860 2746 892 2778 111.
903 2745 922 2777 in

160 2788 209 2821 libro
220 2796 339 2834 contentam,
349 2795 380 2827 6111
389 2794 457 2827 titulus
467 2798 508 2827 est:
521 2795 616 2828 Doctrina
626 2796 648 2828 de
659 2793 922 2829 SacramentoPoenitentiae

159 2840 214 2869 recte
224 2839 386 2883 administrando,
400 2852 457 2885 quam
469 2852 520 2876 nova
530 2842 626 2876 (tanonum
637 2844 750 2877 collectione
761 2843 840 2877 eandem
852 2842 871 2874 in
880 2850 922 2874 rem

162 2887 276 2920 exconciliis
288 2889 643 2935 Germaniaelocupletavitpresbyter
649 2897 668 2925 et
673 2892 777 2924 monachus
785 2890 922 2924 Benedictinus

162 2930 256 2976 congreg·
267 2937 288 2969 S.
298 2937 360 2971 Blasii
367 2939 387 2972 in
396 2940 417 2973 S.
426 2940 547 2984 N.—Tppis.
558 2940 710 2974 San-Blasianis.
722 2941 775 2973 1778.
