2017 3193
846 92 888 135 169

80 210 133 250 banc
148 208 293 249 contritionem
308 221 347 247 non
359 210 425 248 solnm
439 209 576 248 cessationem
590 215 699 260 apeccato
713 215 733 248 et
745 207 801 246 vitae
820 219 886 246 novae

81 273 210 324 propositum
219 278 240 309 et
250 270 409 318 inchoationem,
422 271 545 309 seducteris
558 274 619 310 etiam
632 273 699 312 odium
712 272 821 312 continere
826 271 887 320 juxta

81 335 144 373 illud:
160 333 274 382 „Prcjicite
282 346 294 370 a
305 335 363 372 vobis
379 345 450 372 onmes
462 332 581 382 iniquitates
597 341 694 379 vestras,
706 336 726 372 in
739 334 815 384 quihus
827 345 888 383 prae·

82 395 171 433 varicati
183 395 245 439 estis,
263 402 283 432 et
294 395 357 433 facite
369 395 428 433 vobis
442 406 478 431 cor
490 405 565 430 novum
578 400 598 430 et
610 395 704 442 spiritum
716 395 804 433 novrun⁵³
816 394 841 442 1).
861 396 889 431 Et

83 462 152 498 certe,
170 455 204 503 qni
215 455 261 491 illos
274 463 392 493 sanctornm
406 455 508 491 clamores
521 453 655 489 considerat:
669 456 730 491 „Tim
742 456 780 492 soli
794 454 889 504 peccavi,

83 521 104 551 et
114 515 190 551 malum
203 526 272 551 coram
284 521 304 551 te
316 515 380 552 feci:”
395 513 513 552 „Labcrani
524 512 544 548 in
557 512 637 562 gemitu
649 524 701 556 meo,
713 515 785 551 lavabo
796 527 833 563 per
846 515 888 551 sin-

83 574 145 625 gulas
163 575 326 612 noctes‘lectum
345 585 426 617 metun;
445 571 569 622 recogitabo
581 571 618 608 tibi
630 571 701 608 omnes
721 584 783 609 annos
799 586 855 611 meos
867 574 888 611 in

83 634 219 672 amaritudine
232 636 311 672 animae
324 633 405 678 meae,”
420 640 440 670 et
452 632 503 670 alios
515 631 633 680 hujusmodi
644 632 744 683 generis,
756 633 817 670 facile
828 635 888 671 intel-

83 697 137 750 ligit,
149 710 184 737 eos
198 711 223 737 ex
233 697 351 737 vehementi
363 695 450 748 quodam
459 701 567 734 anteactae
579 694 635 734 vitae
644 693 688 733 odio
698 701 718 733 et
725 694 806 748 ingenti
816 709 888 747 pecca-

83 768 150 799 torum
164 761 301 800 detestatione
313 759 431 798 manasse.²'
443 782 473 787 -—

155 823 254 861 Definitio
267 822 318 861 haec
330 821 380 859 nihil
393 822 491 866 continet,
504 820 557 870 qnod
565 833 605 857 non
614 820 642 858 sit
650 820 674 857 ad
685 820 832 858 remissionem
844 833 890 870 pec-

84 890 177 922 catorum
190 897 215 921 ex
226 884 272 932 ipsa
284 884 317 920 rei
328 889 404 920 natura
415 882 573 926 necessarimm
585 894 632 919 nam
645 881 679 931 qui
691 884 758 919 Deum
772 883 857 920 otl'endit
865 895 891 920 ex

83 950 221 993 praepostera
233 944 258 981 ad
271 950 382 980 creaturas
395 942 543 986 conversione,
556 942 626 991 quoin
645 943 736 992 gratiam
754 943 837 988 redeat,
856 955 891 979 ne-

84 1016 144 1041 cesse
157 1010 196 1048 est,
216 1009 237 1039 ut
249 1003 335 1039 arebus
349 1003 427 1039 creatis
439 1015 462 1039 se
482 1007 571 1046 avertat,
584 1009 605 1039 et
620 1009 755 1039 convertatur
774 1003 799 1039 ad
816 1005 891 1047 Deum,

85 1069 146 1111 atque
158 1062 197 1099 hoc
209 1062 257 1098 fieri
274 1073 314 1097 non
325 1067 395 1109 potest
414 1062 491 1109 absque
503 1061 643 1108 peccatiodio
663 1067 684 1097 et
695 1062 848 1106 detestatione,
867 1074 891 1099 ac

82 1121 189 1172 proposito
202 1133 242 1158 non
254 1120 355 1169 peccandi
367 1121 391 1158 dc
404 1126 485 1158 cetero:
505 1119 539 1157 ubi
551 1121 604 1157 enim
622 1121 704 1170 peccati
722 1120 834 1158 detestatio
852 1133 891 1158 non

84 1189 124 1229 est,
136 1189 205 1220 manet
217 1183 305 1220 affectus
319 1182 343 1220 ad
355 1187 463 1232 peccatum
477 1181 623 1226 commissnm3
636 1188 657 1219 et
668 1182 703 1219 nbi
720 1194 759 1218 non
773 1188 805 1219 est
816 1194 890 1232 propo-

85 1246 147 1285 situm
158 1258 198 1285 non
210 1245 317 1297 peccandi,
330 1252 399 1284 manet
411 1246 499 1285 affectus
512 1244 536 1284 ad
548 1250 657 1295 peccatum
669 1244 769 1284 futurum.
781 1246 849 1284 Porro
857 1245 891 1284 de-

84 1309 171 1348 testatio
182 1310 264 1360 peccati
275 1309 324 1347 illud
336 1309 356 1346 in
369 1309 435 1347 animo
447 1308 566 1359 peccatoris
578 1309 700 1347 necessario
713 1309 789 1354 efficit,
802 1316 824 1347 nt
836 1309 891 1347 dolo-

84 1373 150 1409 lorem
164 1370 188 1408 de
200 1371 259 1408 illata
271 1372 316 1408 Deo
328 1370 405 1419 injuria
417 1370 528 1419 concipiat,
547 1383 667 1420 omnemque
686 1373 782 1409 allectum
801 1372 826 1408 ad
844 1383 892 1420 pec-

85 1438 153 1470 catum
170 1431 264 1482 deponat.
282 1431 337 1480 Hinc
357 1431 379 1469 S.
392 1431 515 1469 Ambrosius
534 1431 596 1469 dicit:
616 1431 761 1470 nPoenitentia
780 1437 823 1469 est:
838 1432 892 1468 mala

84 1493 200 1544 praeterita
218 1493 331 1545 plangere,
344 1499 365 1530 et
383 1492 500 1545 plangenda
521 1505 560 1530 non
576 1491 754 1540 committerem).
775 1493 832 1532 „Non
849 1493 893 1530 vult

83 1556 150 1599 Deus,
163 1554 192 1591 ait
204 1554 226 1591 S.
239 1554 378 1604 Augustinus,
392 1554 520 1592 sacrificium
532 1554 632 1592 trucidati
643 1555 737 1603 pecoris,
756 1554 792 1592 sed
803 1556 848 1592 vult
860 1566 892 1591 sa-

85 1614 186 1652 orificium
200 1614 285 1651 contriti
298 1614 381 1651 cordis’'
391 1612 417 1660 ³).

160 1674 226 1709 Prout
239 1673 336 1710 contritio
349 1680 382 1709 est
392 1685 442 1720 pars
455 1673 596 1717 Sacramenti,
609 1674 634 1710 ad
646 1685 691 1709 eam
703 1674 822 1722 pertinent,
842 1685 893 1722 quae

85 1731 181 1781 Synodns
194 1744 256 1770 sacra
268 1731 344 1780 adjecit
351 1746 357 1777 3
377 1744 437 1771 „cum
449 1738 497 1770 voto
509 1731 630 1782 praestandi
642 1732 730 1783 reliqua,
749 1745 801 1784 quae
813 1733 838 1771 ad
853 1732 893 1769 rite

84 1793 239 1845 suscipiendum
252 1794 414 1833 Sacramentum
425 1793 583 1846 requiruntur.’'

439 1917 533 1972 llitisio.

163 2043 181 2097 ξ.
195 2041 245 2083 111.
257 2045 326 2083 Varia
338 2051 358 2082 et
369 2045 475 2094 multiplex
490 2045 544 2083 ratio
557 2057 604 2082 esse
615 2052 693 2095 potest,
706 2058 757 2096 quae
770 2046 862 2083 dolorem
870 2046 894 2084 dc

83 2113 173 2157 peccato
187 2107 298 2144 commisso
312 2113 332 2144 et
342 2106 472 2156 propositum
485 2108 509 2145 ab
518 2119 541 2143 eo
550 2106 648 2157 deinceps
661 2107 778 2145 abstinendi
788 2115 894 2156 procreat,

85 2179 149 2217 eaque
169 2173 202 2204 est
213 2167 317 2204 interdum
329 2166 451 2215 notterodic,
464 2173 496 2204 ut:
509 2173 576 2204 metus
589 2168 686 2205 infamiae
699 2175 734 2206 aut
746 2169 800 2205 vitae
813 2175 848 2206 aut
860 2168 893 2206 da-

85 2229 134 2273 mni,
147 2234 168 2265 et
179 2226 299 2265 detrimenti
312 2227 385 2264 exinde
394 2228 461 2264 secuti
468 2228 502 2264 vel
513 2228 647 2273 imminentis,
661 2235 695 2266 aut
707 2228 794 2278 praemii
806 2228 894 2276 alicujus
908 2256 910 2259 -

84 2288 205 2337 ternporalis
219 2287 327 2335 cupiditas.
340 2287 421 2323 Verum
433 2287 487 2323 hunc
500 2288 592 2323 dolorem
604 2300 675 2324 omnes
691 2289 715 2324 ad
729 2289 895 2336 recuperandam

84 2348 124 2385 Dei
137 2346 250 2385 amicitiam
262 2345 423 2383 insufficientem
436 2345 519 2390 dicunt;
539 2346 616 2382 existo
629 2346 683 2383 enim
695 2347 805 2395 poenitens
817 2360 856 2385 non
870 2348 894 2385 de

84 2415 180 2461 peccato,
193 2408 229 2445 sed
241 2407 323 2445 nonnisi
336 2406 359 2444 de
372 2406 416 2456 ejus
430 2405 568 2444 consectariis
581 2406 643 2451 dolel,
656 2413 677 2444 et
689 2408 761 2452 simul,
775 2408 822 2446 dum
833 2408 896 2447 ultro

84 2477 189 2513 protanam
201 2484 240 2512 non
254 2471 357 2525 assurgit,
369 2477 468 2511 testatum
481 2470 539 2517 facit,
558 2483 581 2510 se
599 2483 663 2510 verae
682 2470 828 2512 detestationis
844 2485 895 2513 suae

42 2574 44 2576 ,
83 2537 225 2575 immemorem
238 2536 289 2575 solis
301 2536 392 2574 terrenis
404 2535 498 2581 inhiare;
510 2535 558 2573 hinc
570 2535 625 2574 omni
636 2548 705 2575 amore
718 2537 758 2575 Dei
766 2537 894 2576 destituitur,

163 2598 247 2648 Quando
261 2604 329 2636 autem
342 2599 400 2636 dolor
413 2604 433 2635 et
445 2598 556 2637 detestatio
576 2598 600 2635 de
618 2604 705 2648 peccato
725 2599 836 2637 commisso
849 2612 895 2638 cum

84 2661 191 2709 proposito
204 2661 228 2699 de
241 2667 312 2700 cetero
325 2673 364 2698 non
376 2660 477 2711 peccandi
489 2660 573 2698 elicitur
585 2673 622 2710 per
633 2664 737 2711 prolium,
752 2668 772 2699 et
782 2665 894 2700 exanottoo

85 2721 198 2767 perfidem
214 2724 345 2773 proposito,
366 2721 463 2760 contritio
483 2721 559 2759 dicitur
577 2722 766 2772 supernaturalis.
789 2722 895 2761 Dividitur

84 2778 136 2816 baec
147 2780 168 2817 in
179 2784 297 2830 perfectam
309 2789 329 2820 et
340 2782 492 2832 imperfectam,
504 2789 566 2831 prout
578 2782 665 2820 excitati
683 2784 708 2821 ed
720 2783 784 2831 adjuti
795 2796 832 2833 per
845 2783 893 2820 divi-

87 2872 258 2881 —-—-—-—-

110 2919 125 2955 1]
135 2918 235 2951 Ezechiel.
244 2922 313 2955 XVIII.
324 2925 354 2955 31.
364 2942 388 2947 -
397 2926 412 2961 ²)
424 2923 486 2956 Serm.
497 2924 526 2955 lto.
536 2941 561 2946 -
569 2923 585 2960 ³)
595 2924 625 2956 De
636 2924 688 2957 civit.
696 2924 739 2956 Dei.
750 2933 766 2956 o.
776 2925 794 2955 5.
