2056 3193
230 225 292 264 Circa
299 220 452 272 jurisdictionis
465 229 591 274 potestatem
604 222 704 273 quaedam
717 225 776 263 multi
790 222 887 264 momenti
897 236 959 275 quae·

156 287 231 325 stionis
244 290 370 335 exsurgunt,
388 284 461 335 quibus
474 286 600 324 satisfacere
612 290 709 333 oportet:

229 350 251 394 a]
265 346 413 384 Confessarius
426 348 551 392 cornnmnis,
568 346 581 383 i.
595 359 612 384 e.
624 358 662 395 pro
675 349 793 387 reservatis
805 351 888 388 minime
899 349 959 399 depu-

156 417 221 453 tatus,
233 408 374 458 poenitentem
387 409 486 453 alienum,
499 421 546 453 sen,
562 414 585 444 ut
596 406 629 445 hio
640 408 792 459 intelligimuS,
806 412 894 450 alterius
907 410 962 448 dioc-

156 471 220 514 cesis,
238 469 350 508 absolvere
364 483 405 508 non
416 476 508 520 potesta
526 468 622 514 casibus,
641 470 675 520 qui
692 470 712 507 in
729 469 822 510 dioecesi
837 471 962 522 poenitentis

155 531 260 569 reservati
274 544 314 569 non
330 539 387 577 sunt,
411 538 458 569 sunt
475 543 526 568 vero
545 531 651 569 reservati
668 531 689 568 in
715 531 808 570 dioecesi
829 533 961 572 confessarii.

154 593 216 630 Ratio
231 599 273 639 est,
291 594 338 644 quia
350 600 394 631 tota
407 592 532 631 confessarii
539 592 661 640 jurisdictio
675 593 698 630 ab
712 606 735 630 eo
750 593 853 641 dimanat,
871 596 930 645 cujus
942 595 962 632 in

155 653 246 693 dioecesi
263 655 407 693 confessiones
420 653 510 704 excipit,
528 660 589 704 atque
610 654 629 691 is
648 655 724 692 nnllam
739 666 776 703 pro
792 658 900 705 praesenti
913 668 963 695 casu

152 715 320 763 jurisdictionem
333 716 415 760 tribuit,
433 716 480 766 qnia
492 715 623 766 alienigenae
637 717 661 754 ad
674 723 754 766 tempus
766 717 844 755 subditi
859 718 910 756 fiunt
922 719 962 756 sal-

155 784 197 815 tem
213 777 278 827 quoad
293 777 435 826 receptionem
451 776 637 814 Sacramentorum
664 777 781 815 Ordinariis
800 779 908 825 locorum,
925 792 963 829 per

156 851 208 889 quae
221 845 339 883 transeunt;
353 839 400 888 quia
412 838 446 888 qui
459 845 517 876 certa
529 837 639 888 hypothesi
651 839 779 877 connnodrnn
792 841 865 884 sentit,
882 840 903 877 in
923 840 963 878 alia

156 913 208 938 onus
221 907 241 938 et
258 900 409 938 incommodum
422 899 501 937 sentire
520 900 587 938 debet.
603 923 633 928 -
647 902 664 937 E
680 907 754 939 contra
769 913 820 939 vero
840 915 852 939 a
867 901 961 946 casibus,

157 962 225 1012 quiin
241 961 333 1014 dioecesi
347 961 472 1010 poenitentis
485 968 534 999 sunt
552 962 667 1007 reservati,
685 974 724 1000 non
744 969 812 1001 autem
827 963 847 1000 in
870 962 961 1000 dioecesi

158 1022 291 1067 confessarii,
303 1023 371 1060 valide
382 1023 521 1072 poenitentem
531 1023 640 1060 absolvere
649 1029 725 1072 potest.
738 1024 759 1062 ld
773 1037 784 1061 a
796 1024 902 1062 contrario
914 1035 960 1072 pro·

156 1084 306 1122 bantrationes
319 1084 394 1121 allatae
407 1084 573 1133 eonnmmisque,
592 1097 644 1134 quae
656 1085 725 1134 viget,
738 1085 816 1134 praxis.
833 1086 889 1123 Idem
900 1085 962 1122 habet

158 1146 253 1183 Clemens
265 1146 290 1183 X.
302 1145 323 1182 in
334 1145 404 1182 Bulla:
418 1145 550 1194 „Superata”
563 1145 600 1182 sed
613 1146 750 1184 conditionem
763 1147 859 1196 apposuit
870 1157 962 1184 summus

157 1207 192 1244 ille
203 1206 309 1250 Pontifex,
322 1206 405 1245 seilicet
418 1206 481 1243 mom
494 1218 538 1244 nou
557 1207 682 1258 cognoverit
694 1207 838 1245 confessarius
857 1207 962 1256 poeniten-

157 1274 198 1306 tem
210 1270 232 1305 in
250 1270 408 1305 resera-ottonis
423 1267 528 1317 fi'uudcm
547 1267 572 1305 ad
588 1268 649 1306 aliam
668 1268 773 1306 dioecesin
795 1269 902 1319 migrasse
925 1280 963 1317 pro

158 1328 287 1367 absolutione
299 1328 437 1377 surripienda.
450 1328 532 1366 u‘enitnt
544 1329 598 1366 enim
610 1341 648 1367 sua
660 1330 719 1366 fraus
732 1335 753 1366 et
764 1329 823 1367 dolus
831 1330 963 1378 patrocinan-

158 1396 201 1435 tur,
220 1402 258 1427 nec
274 1390 349 1440 dignus
366 1395 398 1427 est
412 1389 522 1427 Ecclesiae
534 1389 665 1440 indulgentia
680 1390 732 1436 frui,
745 1390 779 1440 qui
790 1392 850 1442 leges
863 1391 908 1439 ejus
921 1391 964 1427 elu-

158 1451 208 1489 dere
220 1451 300 1496 nititur,
312 1457 362 1500 puta
374 1451 512 1489 correctionis
525 1457 546 1488 et
557 1451 704 1497 remediorum,
717 1464 768 1502 quae
780 1458 829 1490 tunc
848 1450 964 1501 praescribi

159 1513 239 1557 solent,
252 1513 394 1550 severitatem.

232 1574 256 1620 b)
269 1573 321 1610 Cum
332 1573 440 1622 poenitens
448 1573 502 1610 bona
513 1573 552 1611 fide
565 1574 657 1611 accessit
668 1574 692 1611 ad
700 1574 832 1612 sacerdotem
844 1574 965 1611 facultatem

160 1634 271 1672 habentem
284 1648 295 1672 a
307 1635 425 1672 reservatis
438 1634 568 1678 absolvendi,
586 1641 607 1671 et
617 1635 724 1672 reservati
736 1635 823 1683 alicujus
837 1635 912 1672 oblitus
926 1640 965 1678 est,

161 1696 213 1745 quod
232 1695 361 1744 aperuisset,
379 1695 398 1732 si
416 1695 507 1743 ejusdem
526 1696 666 1740 meminisset,
681 1696 743 1743 juxta
758 1696 885 1734 decisionem
901 1694 967 1742 Sylvii

160 1763 181 1793 et
193 1757 216 1795 S.
233 1755 351 1803 rhomam)
365 1756 492 1806 aliorumque
511 1757 628 1794 reservatio
651 1762 699 1794 tunc
716 1757 784 1794 ablata
796 1768 844 1793 esse
861 1761 967 1798 censetur,

161 1818 252 1867 adeoque
264 1817 317 1855 satis
329 1829 388 1862 esse,
405 1823 427 1854 nt
443 1823 553 1866 peecatum
568 1818 618 1855 illud
636 1819 738 1855 communi
755 1818 816 1854 etiam
836 1815 967 1862 confessario

161 1879 287 1917 declaretur.
299 1878 362 1923 bam,
378 1884 401 1915 ut
415 1878 446 1915 illi
465 1879 586 1927 opinantur,
604 1879 692 1923 suflicit,
710 1879 729 1915 si
741 1878 852 1915 absolvens
871 1888 967 1914 reserva·

161 1940 238 1977 tionem
252 1940 327 1977 tollere
342 1939 406 1983 velit,
423 1939 484 1988 idque
503 1938 605 1988 aliquibus
621 1939 703 1977 indiciis
716 1938 846 1983 manifestet3
861 1938 905 1985 jam
917 1950 967 1974 vero

160 2000 205 2037 vult
217 2001 241 2037 de
253 2001 320 2044 facto,
335 2006 355 2037 et
366 1999 386 2036 id
398 1999 520 2037 manifestat
532 2000 596 2043 satis,
617 2012 662 2037 cum
674 2000 746 2036 tritam
758 1999 879 2036 absolvendi
891 1998 968 2035 formu-

161 2061 316 2105 lam'securus,
334 2060 437 2104 declarat,
455 2072 479 2097 sc
498 2059 524 2096 ab
547 2063 605 2097 onzni
627 2060 714 2112 uirectelo
734 2060 970 2097 ercoiinmmtoottontc

163 2121 273 2159 absolvere
281 2123 417 2171 iuqudnlmn
428 2123 475 2170 ipsc
484 2123 568 2170 potest,
584 2127 604 2157 et
615 2120 827 2169 irttlipetpoenitensg
841 2132 894 2170 quae
905 2118 970 2155 verba

164 2195 189 2220 ex
201 2194 239 2219 usu
252 2182 354 2220 communi
366 2181 390 2218 ad
402 2187 502 2230 peccata,
521 2181 623 2219 oblivione
640 2182 718 2218 caussa
738 2193 802 2230 aeque
816 2194 840 2219 ae
860 2181 884 2218 ad
903 2179 969 2217 decla-

164 2249 219 2288 rata,
237 2243 383 2281 extenduntur.
395 2242 476 2279 Verum
488 2242 520 2279 his
533 2254 572 2279 non
585 2243 730 2287 obstantibus,
743 2242 778 2280 alii
791 2242 970 2289 existimant'pee-

165 2311 212 2342 cata
223 2304 340 2353 hujusmodi
358 2303 436 2341 omissa
454 2302 520 2341 adhuc
534 2316 581 2341 esse
600 2311 718 2342 reservata.
732 2304 769 2342 Sic
783 2304 813 2341 et.
826 2298 970 2348 Habcrtus²],

166 2365 188 2403 S.
200 2364 325 2417 Ligur-inst]
339 2365 490 2415 cumpluribus
503 2365 549 2402 aliis
563 2366 643 2404 docent.
657 2367 718 2403 Ratio
732 2365 792 2413 hujus
809 2363 925 2402 sententiae
938 2362 971 2399 ad·

166 2426 246 2471 fertur,
260 2428 306 2478 quia
324 2429 446 2465 reservatio
462 2438 502 2464 non
520 2426 610 2472 tollitur,
623 2427 664 2464 nisi
673 2429 789 2478 perculiam
801 2425 924 2475 subjiciatur
939 2422 972 2472 jn-

167 2488 219 2525 dicio
232 2489 347 2527 sacerdotis
361 2490 385 2527 ad
403 2495 513 2526 reservata
526 2488 627 2539 deputati,
646 2489 705 2537 cujus
722 2495 765 2534 est,
785 2493 922 2538 opportunum
940 2497 972 2523 re-

166 2549 255 2588 medium
268 2557 287 2588 et
298 2552 446 2600 poenitentiam
459 2550 563 2589 adhibere,
583 2551 695 2601 Excipiunt
711 2557 782 2589 tamen
798 2561 880 2594 casum,
893 2548 911 2585 si
926 2560 972 2586 con-

166 2611 232 2651 fessio
244 2609 296 2651 haec
308 2613 363 2652 faeta
372 2613 414 2652 >tuit
425 2619 518 2663 tempore
526 2611 635 2663 Johtlaet,
649 2620 670 2651 et
677 2613 753 2652 intuitu
761 2612 884 2651 Jubilaeum
892 2610 974 2648 lucran-

165 2726 340 2738 „....-...-—.

217 2785 233 2816 1.
244 2791 286 2826 seq.
296 2800 320 2805 —
329 2782 425 2817 Bonacina
434 2785 457 2817 de
467 2784 553 2818 Sacram.
565 2784 613 2827 disp.
623 2787 641 2818 5.
652 2787 727 2827 quaest.
738 2786 755 2816 7.
768 2785 807 2825 pet.
819 2783 839 2815 5.
855 2780 870 2824 d.
883 2784 900 2816 3.
913 2793 941 2816 nr.
956 2785 974 2815 o.

215 2851 239 2857 —
249 2833 270 2866 S.
280 2831 359 2873 nigrori
368 2831 410 2865 libr.
420 2833 452 2867 vt.
462 2838 513 2867 tract
522 2835 539 2866 ’1,
550 2835 572 2867 de
582 2834 654 2876 poenit.
664 2834 744 2867 1113585,

191 2885 207 2923 ¹>
217 2883 291 2916 Summ.
301 2881 385 2924 theolog.
396 2881 493 2924 supplem.
502 2883 533 2915 111.
544 2892 561 2925 q.
571 2884 600 2914 20.
611 2893 622 2914 a
632 2884 649 2915 2.
659 2900 683 2905 -
692 2885 707 2922 2)
716 2882 803 2913 Tractat.
814 2881 837 2914 de
844 2882 920 2916 Poenit.
930 2890 973 2924 cap.

216 2935 233 2967 t.
244 2934 321 2977 quaest.
332 2933 360 2965 tu,
369 2949 393 2959 -ι
401 2929 416 2975 ³)
427 2931 521 2974 Tireolog.
531 2931 598 2964 moral.
608 2930 651 2964 libr.
661 2931 694 2965 Vl.
704 2939 722 2964 n.
732 2931 774 2963 597.
