2056 3193
150 80 194 131 '180

223 206 333 246 Aliarum
346 210 378 242 est
390 203 485 242 dolendo
493 201 579 243 divinoe
584 204 670 254 1111111110
675 204 780 256 jactura,
795 202 853 254 cujus
865 201 898 242 vcl
909 201 953 242 uni·

150 282 187 308 cus
199 270 288 321 gradus,
300 272 323 304 ut
334 266 420 303 tradunt
432 266 500 304 sancti
511 268 629 311 Doctores,
641 265 741 304 universa
755 273 842 305 naturae
854 267 907 304 bona
919 278 953 303 su-

149 337 215 380 perat.
236 328 315 368 „enne
335 340 409 366 aurum
426 328 447 366 in
463 328 617 379 comparatione
632 326 687 364 illius
703 339 768 365 arena
786 335 818 366 est
831 324 953 380 exigua”¹].

151 389 281 430 illicet-nodo
292 393 400 439 0011111110,
421 403 460 440 qua
472 390 563 428 efficitur
574 395 673 438 peccator
685 388 809 437 mancipium
829 389 911 435 diaboli,
923 395 953 437 ty·

148 450 207 487 ranni
220 456 240 486 01
254 450 387 499 impostoris,
405 451 449 499 qui,
467 457 565 499 quantum
577 461 630 486 nunc
643 449 727 485 allicere
740 449 819 485 studuit
837 451 862 487 ad
878 462 953 498 pecca-

148 516 200 552 tum,
217 516 295 546 tantem
314 517 387 558 postea
401 510 479 546 inferet
493 521 612 557 poenarum.
630 508 690 544 Eheu
706 508 751 556 quis
767 520 807 544 non
825 516 897 556 posset
914 521 954 546 non

147 581 278 617 summopere
297 570 366 605 odisse
378 575 494 617 peccatum,
512 569 531 604 si
542 569 598 604 serio
609 568 750 616 perpenderit,
769 579 792 603 se
804 569 888 616 gratiae
907 581 954 605 san-

147 628 273 673 ctificantis,
291 628 310 665 in
324 627 431 678 quatotus
444 627 505 665 animi
521 627 585 665 decor
598 628 650 664 situs
663 634 702 672 est,
710 627 817 676 jacturam
829 639 921 677 passum,
934 634 955 666 01

146 690 166 728 111
179 691 301 728 servitutem
314 691 419 728 daemonis
432 690 530 727 traditum
543 701 590 727 esse
597 718 603 736 ,
621 690 743 740 turpissima
754 695 889 740 peccatorum
908 691 954 728 labe

147 753 266 794 foedatum?
279 753 315 793 Sic
329 754 350 794 S.
363 753 487 793 Ambrosius
502 753 623 805 praefatur:
635 752 691 792 Nihil
703 760 742 800 cst,
756 753 808 805 quod
820 760 862 792 tam
874 766 953 792 sunmro

147 818 213 855 dolori
224 819 265 863 sit,
283 830 343 868 quam
362 818 414 868 quod
430 818 458 855 sit
469 817 610 868 uuusquisque
622 817 703 867 positus
715 818 753 855 sub
772 817 893 867 captivitate
905 830 953 867 pcc·

147 880 189 917 cati
197 895 202 925 3
215 880 349 925 recordetur,
363 880 415 917 unde
428 880 542 924 deciderit,
556 891 579 916 eo
592 879 645 929 quod
658 879 682 916 ad
695 891 785 928 corpora
796 885 817 916 01
832 885 918 916 terrena
929 879 954 916 ab

146 941 181 978 illa
193 941 289 990 speciosa
302 948 322 978 ct
332 941 420 991 pulchra
431 941 513 978 divinae
526 940 653 991 cognitionis
664 940 778 978 intentione
797 940 919 978 deflexerit”
927 938 953 987 2).

146 1003 173 1038 Et
190 1001 212 1039 S.
232 1001 362 1051 Cyprianus:
380 1002 488 1040 „Animam
506 1008 561 1039 tuam
583 1001 661 1038 misera
678 1001 797 1050 perdidisti,
815 1001 953 1050 spiritualiter

147 1068 228 1099 mortua
246 1063 383 1111 supervivere
395 1062 428 1100 bic
440 1063 487 1107 tibi,
505 1062 583 1110 etipsa
595 1062 702 1098 ambulans
717 1062 778 1098 funus
794 1068 850 1099 tuum
867 1068 953 1110 portare

111 1165 115 1169 ,
146 1122 243 1170 coepisti,
261 1128 282 1158 01
293 1134 332 1158 non
345 1122 423 1159 acriter
435 1122 534 1171 plangis?
547 1127 567 1157 01
579 1133 618 1157 non
630 1127 651 1157 te
662 1122 696 1157 vel
707 1122 787 1169 pudore
800 1122 893 1158 criminis
906 1122 952 1157 abs·

145 1178 277 1228 eondis?’⁷³).

218 1237 238 1280 3.
250 1242 318 1280 Aliam
330 1242 416 1293 denique
429 1241 510 1280 dolendi
522 1241 545 1280 de
557 1247 645 1291 peccato
657 1241 747 1292 illudque
760 1241 876 1280 detestandi
888 1241 952 1280 ratio·

145 1318 191 1344 nem
196 1305 292 1356 jactura
310 1307 414 1345 aeternae
426 1304 545 1358 felicitatis
556 1307 578 1344 01
588 1307 694 1344 incursus
713 1303 862 1345 decertationis
871 1318 953 1358 perpe-

145 1374 196 1409 tuae
208 1370 342 1409 constituunt.
363 1369 477 1419 „Quamvis
495 1370 652 1420 peccatoribus,
670 1369 736 1420 inquit
752 1369 773 1408 S.
791 1366 952 1422 Augustinus&

138 1433 250 1481 jtcdieium
262 1433 381 1470 universale
393 1433 413 1470 in
425 1432 495 1470 mundi
506 1432 594 1470 termino
606 1431 735 1469 subeundum
746 1444 786 1484 non
798 1432 863 1477 foret,
882 1444 951 1482 quam-

145 1506 205 1544 quam
219 1507 256 1543 per
275 1507 355 1531 omnem
374 1494 520 1532 aeternitatem
535 1493 555 1530 in
571 1505 652 1530 summa
670 1492 792 1530 deliciarum
803 1492 864 1541 hujus
882 1492 952 1530 mundi

146 1555 253 1592 affluentia
265 1555 309 1591 sine
321 1556 363 1592 ulla
374 1567 452 1604 poenae
461 1554 548 1601 alicujus
560 1553 670 1590 formidine
678 1553 755 1591 victuri
763 1559 848 1591 essent:
861 1559 951 1590 attamen

145 1616 169 1651 ob
181 1614 220 1652 boc
233 1616 306 1659 solum,
320 1615 372 1664 quod
384 1627 396 1651 a
407 1615 530 1652 felicissimo
542 1614 583 1650 Dei
599 1619 833 1662 conspectuaeternum
852 1626 951 1662 separen-

145 1681 192 1718 tur,
206 1675 337 1711 amarissime
349 1675 391 1710 illis
403 1674 493 1711 flendum
506 1680 576 1718 esset3
594 1685 660 1722 neque
673 1673 726 1710 enim
745 1674 807 1710 ullam
819 1673 867 1711 huic
879 1685 951 1722 parem

143 1746 230 1783 poenam
241 1734 275 1771 vel
287 1735 353 1771 animo
367 1734 543 1783 comprehendere
555 1739 634 1782 potest,
654 1733 688 1782 qui
701 1744 726 1770 ex
738 1733 798 1770 vivae
809 1733 858 1770 fidei
875 1733 951 1770 lumine

144 1796 207 1841 novit,
221 1795 267 1845 quid
279 1796 307 1832 sit
321 1797 385 1833 Dens.
399 1795 442 1833 Sed
449 1797 553 1847 0110111010
559 1796 614 1832 boec
625 1793 751 1832 0100011100
759 1794 872 1833 decretumst
880 1806 952 1846 poeno

145 1861 185 1910 est,
199 1871 243 1898 11011
257 1858 444 1898 contemnentibus
451 1888 459 1911 ,
478 1857 601 1910 paucissimi
614 1869 665 1895 vero
683 1856 704 1895 in
719 1855 759 1897 hac
776 1857 819 1896 vita
836 1856 892 1896 illam
904 1850 951 1896 sen·

144 1923 211 1969 tiunt,
227 1923 267 1961 alia
276 1917 359 1974 'quoque
371 1923 412 1961 illis
424 1935 504 1974 poena,
517 1934 578 1972 quam
590 1933 661 1960 omnes
677 1921 782 1968 sentiant,
800 1927 821 1959 01
839 1933 878 1972 qua
889 1921 951 1959 vehe-

145 1985 273 2022 mentissime
283 1986 411 2031 crucientur,
425 1985 539 2023 constituta
547 1990 592 2021 est:
605 1983 747 2020 ardentissimi
753 1983 852 2021 videlicet
862 1980 951 2021 0011011-

144 2058 185 2083 11αο
196 2048 260 2094 tortis,
274 2046 293 2082 in
307 2046 366 2094 cujus
379 2045 620 2095 comparationepoenae
628 2043 688 2091 hujus
700 2044 756 2080 vitae
764 2044 883 2081 levissimae
896 2050 951 2089 sunt,

145 2119 169 2144 ac
181 2106 199 2142 si
210 2118 289 2154 poenae
301 2118 341 2143 non
354 2113 432 2143 essent.
450 2105 555 2153 Quomodo
567 2105 634 2155 igitur
646 2104 665 2141 si
676 2104 714 2141 fide
734 2104 802 2142 edocti
820 2111 840 2141 et
859 2105 951 2153 Spiritus

144 2166 213 2203 sancti
224 2167 295 2217 gratia
313 2167 400 2203 excitati
414 2166 466 2203 hacc
481 2165 638 2214 perpendimus,
650 2164 772 2202 necessario
790 2171 913 2214 peccatum,
926 2176 952 2201 ex

144 2238 182 2274 quo
195 2232 252 2263 tanta
266 2227 286 2262 in
301 2239 338 2263 nos
354 2227 408 2263 mala
423 2227 536 2275 profluunt,
556 2224 720 2262 detestabimur!
740 2224 877 2263 „Gehennam
888 2236 951 2273 pona-

143 2298 196 2331 mus,
204 2287 270 2336 inquit
278 2286 300 2324 S.
310 2287 481 2335 Chrysostomus,
492 2287 513 2323 in
522 2286 669 2335 conspectibus
677 2285 764 2330 nostris,
776 2297 876 2334 ponamus
890 2285 951 2322 etiam

144 2347 192 2386 illud
205 2354 251 2387 ante
264 2349 343 2395 oculos,
357 2349 428 2401 quanti
446 2348 524 2388 doloris
537 2354 570 2387 est
583 2346 665 2387 excludi
677 2359 701 2386 ac
713 2346 788 2398 projici
800 2359 812 2385 a
823 2359 890 2400 regno
903 2359 950 2386 coe-

144 2411 217 2459 lorum,
230 2413 290 2464 quod,
302 2419 325 2452 ut
336 2413 386 2452 mibi
397 2413 487 2460 videtur,
500 2412 588 2465 gravius
600 2418 633 2450 est
643 2411 689 2462 ipsa
702 2410 815 2450 Gehenna''
827 2408 852 2460 ⁵).
861 2434 891 2439 —

421 2534 548 2586 Eorundem
562 2533 669 2586 delectus.

218 2654 298 2706 §.124
313 2657 353 2694 His
372 2663 393 2693 et
404 2657 507 2693 similibus
519 2658 636 2694 rationibus
652 2662 713 2704 atque
725 2656 808 2692 motivis
827 2655 857 2692 uti
874 2657 952 2705 poterit

143 2715 297 2761 confessarius,
314 2717 367 2754 utin
381 2716 443 2754 corde
457 2717 582 2765 poenitentis
595 2716 740 2753 contritionem
754 2715 824 2753 eliciat
836 2728 859 2753 ac
873 2729 950 2768 proge-

165 2863 181 2903 1)
192 2861 238 2907 Sap.
249 2860 290 2895 VII.
300 2862 317 2895 9.
327 2880 352 2886 -—
360 2862 436 2903 21111111,
447 2863 465 2897 2.
476 2862 499 2897 de
510 2862 586 2897 Poenit.
597 2872 614 2897 0.
625 2864 643 2898 2,
653 2881 677 2887 -
685 2864 702 2905 ³)
711 2863 741 2896 De
750 2861 811 2906 lapsis
821 2862 873 2897 circa
882 2862 913 2898 fin.
928 2884 950 2888 —

165 2915 181 2955 4)
190 2914 211 2947 In
218 2912 292 2947 Psalm.
303 2912 370 2946 XLIX.
380 2932 404 2937 -—
412 2914 427 2958 ⁵)
438 2914 490 2948 Libr.
502 2916 518 2948 l.
529 2914 552 2947 de
563 2913 676 2958 Gompunot.
687 2912 757 2947 cordis.
