2030 3193
830 78 842 121 t

39 205 144 250 compotes
156 195 203 234 fieri
214 206 331 245 possumus.
352 193 380 232 Hi
393 199 441 230 sunt
453 193 513 239 enim,
526 193 610 244 quinon
623 198 702 231 tantum
715 200 844 245 regenerant

39 274 76 302 nos
87 261 107 297 in
119 257 238 306 Baptismo‚
254 256 290 293 scd
302 260 390 306 peccata
400 260 449 303 post
459 254 588 302 Baptismum
599 254 721 299 remittunt,
733 261 754 292 et
765 255 844 292 veteris

39 318 170 360 Testamenti
188 316 310 355 sacerdotes
327 318 390 365 longe
409 321 549 362 exsuperant,
569 316 602 364 qui
620 321 701 353 tantum
718 321 844 363 potestatem

38 381 142 418 habebant
157 377 257 425 probandi
273 390 284 413 a
298 377 357 425 lepra
372 380 475 422 purgatos
480 388 487 417 ;
504 379 537 410 ast
548 375 626 410 nostris
639 375 793 419 sacerdotibus,
805 388 845 412 non

40 437 135 487 corporis
151 438 241 485 lepram,
256 448 329 472 verum
341 433 421 470 animae
434 433 521 476 sordes,
537 444 577 468 non
588 435 648 470 modo
659 436 762 482 probare,
777 434 847 471 sedet

40 510 132 551 purgare
143 509 231 548 prorsus
241 505 364 535 concessum
373 492 417 530 est”
426 490 451 540 1),
464 492 543 531 Eodem
550 504 621 538 sensu,
630 494 677 543 quia
683 495 755 533 eodem
764 494 847 545 spiritu,

40 562 114 602 scribit
130 560 152 601 S.
164 561 208 600 Leo
219 560 322 612 Magnus,
337 554 435 594 Pontifex
450 554 584 595 doctissimus
600 560 621 593 et
635 560 678 593 toto
691 557 740 596 orbe
752 556 847 598 celebra-

41 627 144 671 tissimus,
161 624 220 673 cujus
231 624 346 660 Decretum
359 626 429 657 exstat
441 619 466 658 ad
478 618 611 657 Theodorum
622 619 748 670 Episcopum
760 621 847 671 Foroju-

40 689 137 732 liensem,
153 686 188 724 ubi
206 683 302 724 „divinae
316 681 416 719 bonitatis
431 681 537 731 praesidia
552 682 619 718 aDeo
636 681 697 719 docet
709 682 739 719 sic
753 684 848 721 ordinata

41 762 99 794 esse,
112 755 134 785 ut
146 742 275 796 indulgentia
286 743 337 787 Dei,
351 742 391 780 nisi
404 743 554 793 supplicatione
567 743 700 781 sacerdotum
712 750 802 793 nequeat
813 746 847 782 ob-

41 810 113 849 tineri:
132 809 179 858 quia
195 804 297 843 mediator
308 804 350 841 Dei
363 803 418 843 hanc
432 804 559 854 praepositis
570 804 681 842 Ecclesiae
695 805 780 843 tradidit
790 812 848 854 pote-

42 879 124 913 statem,
138 875 159 906 ut
171 873 191 904 et
199 865 346 904 confitentibus
354 866 483 904 sanctionem
491 865 635 903 Poenitentiae
644 865 725 910 darent,
738 873 758 903 et
766 867 849 904 eosdem

42 930 121 970 salubri
133 926 277 966 satisfactione
288 933 399 978 purgatos,
413 926 438 964 ad
450 926 614 965 communionem
625 933 850 977 sacramentorumper

38 994 123 1040 januam
139 983 318 1024 reconciliationis
331 987 486 1024 admitterent,’⁷
508 989 576 1036 Atque
587 987 628 1024 boc
639 987 699 1024 modo
711 1000 748 1036 per
761 989 850 1025 omnium

42 1049 174 1087 saeculorum
187 1046 299 1083 decursum
311 1052 378 1083 testes
390 1047 568 1095 locupletissimos
576 1046 695 1083 traditionis
704 1047 785 1084 divinae
793 1048 851 1085 eirea

42 1107 185 1151 sacerdotem,
200 1105 318 1143 ministrum
334 1105 395 1155 hujus
412 1106 555 1152 sacramenti,
576 1105 679 1144 adducere
692 1118 814 1157 possemus,
833 1107 852 1144 si

42 1169 208 1211 testimoniorum
220 1179 306 1206 numero
319 1168 442 1208 certandum
453 1168 515 1208 foret.
534 1167 613 1218 Quibus
625 1174 731 1220 postremo
745 1168 850 1219 Synodnm

43 1233 186 1273 Tridentinam
195 1232 318 1283 jungimus:
338 1232 376 1272 „Si
389 1232 434 1283 quis
447 1233 530 1280 dixerit,
543 1232 674 1278 sacerdotes,
686 1232 751 1284 quiin
763 1239 850 1283 peccato

42 1295 125 1334 mortali
142 1301 199 1339 sunt,
220 1300 345 1343 potestatem
360 1294 441 1346 ligandi
456 1301 477 1332 et
491 1295 585 1333 solvendi
602 1307 642 1332 non
656 1294 745 1340 habere,
764 1301 799 1333 aut
810 1308 850 1333 non

42 1358 98 1396 solos
111 1356 234 1395 sacerdotes
247 1368 294 1393 esse
306 1356 414 1394 ministros
426 1356 570 1402 absolutionis,
582 1356 619 1393 sed
632 1357 726 1394 omnibus
734 1357 851 1408 etsingulis

43 1418 123 1456 christi
134 1417 230 1455 fidelibus
243 1429 290 1454 esse
303 1417 390 1455 dictum:
403 1416 543 1468 Quaecunque
555 1418 674 1469 ligaveritis
716 1424 745 1455 et:
759 1417 851 1466 Quorum

42 1479 169 1517 remiseritis
181 1484 268 1527 peccata
276 1508 280 1515 .
289 1508 293 1514 .
303 1507 307 1514 ,
318 1507 322 1514 .
334 1478 443 1516 anathema
455 1478 495 1516 sit⁷¹
505 1477 531 1526 ²).
549 1479 600 1516 Ruit
612 1491 663 1529 ergo
675 1479 804 1516 Novatorum
817 1480 851 1517 do-

44 1541 121 1584 ctrina}
141 1539 184 1576 ruit
199 1539 283 1587 impium
294 1539 382 1577 Wiclefi
398 1545 536 1577 commentum
550 1538 570 1576 in
589 1539 682 1577 Concilio
695 1540 852 1577 Constantiensi

44 1601 171 1637 damnatum:
195 1598 303 1642 2⁷Laicunr,
322 1600 340 1635 si
358 1599 391 1635 vir
407 1599 466 1650 frugi
480 1599 555 1643 fuerit,
575 1600 663 1637 clavium
679 1606 804 1648 potestatem
817 1613 851 1638 ac-

44 1659 145 1708 cepisse.²⁷
158 1661 186 1696 Et
196 1658 409 1696 illudWaldensium:
423 1659 567 1697 „Potestatem
580 1659 851 1698 absolvendibonuslaicus

43 1721 112 1768 babet,
124 1721 190 1759 malus
203 1720 303 1758 sacerdos
314 1732 354 1757 non
366 1719 449 1758 habet.''

308 1842 462 1896 Poenitentiae
481 1843 584 1901 effeetus.

118 1955 135 2009 ξ.
148 1952 168 1995 5.
187 1956 241 1994 Nihil
257 1956 352 2006 profecto
368 1962 410 1994 tam
425 1957 519 2005 proderit
535 1957 630 1995 fidelibus
645 1957 736 2007 nihilque
751 1958 852 2006 majorem

43 2019 85 2056 illis
97 2018 228 2056 alacritatem
239 2018 385 2055 Poenitentiae
398 2019 543 2068 suscipiendae
556 2020 638 2064 afferet,
651 2031 710 2068 quam
721 2019 739 2055 si
747 2021 852 2057 salutares

44 2079 126 2117 fructus
138 2079 185 2116 inde
198 2079 318 2117 exoritnros
331 2079 475 2130 cognoverint.
488 2079 545 2116 Vere
558 2080 612 2117 enim
624 2081 648 2117 de
660 2080 792 2118 Poenitentia
803 2080 852 2118 illud

44 2140 85 2176 dici
96 2151 158 2188 posse
170 2140 296 2189 intelligent,
308 2140 353 2187 ejus
366 2140 447 2188 quidem
458 2139 541 2178 radices
554 2152 644 2184 amaras,
656 2140 738 2178 fructus
746 2153 797 2177 vero
805 2153 852 2178 sua·

44 2200 142 2236 vissimos
155 2197 235 2246 esse³].
248 2200 331 2236 Etenim
344 2212 368 2236 ea
381 2206 413 2236 est
423 2199 484 2247 hujus
497 2200 625 2237 sacramenti
635 2200 668 2236 vis
681 2207 702 2237 et
714 2200 819 2245 efficacia,
831 2207 854 2237 ut

44 2259 162 2309 praeterita
178 2265 265 2309 peccata
282 2260 351 2297 deleat
367 2265 410 2297 tum
428 2260 494 2309 quoad
512 2260 602 2309 culpam,
622 2266 666 2298 tum
684 2260 749 2310 quoad
765 2272 852 2310 poenam

46 2327 159 2361 aeternam
181 2322 212 2361 Ad
227 2321 267 2361 hoc
283 2320 336 2360 enim
353 2321 423 2360 claves
435 2322 545 2360 Ecclesiae
561 2323 620 2361 datae
636 2327 694 2369 sunt3
711 2334 777 2374 neque
789 2323 853 2361 ullum

45 2391 78 2422 est
90 2386 187 2424 delictum
200 2385 332 2436 quantumvis
344 2385 504 2437 gravissimum,
517 2385 570 2436 quod
582 2398 622 2423 non
633 2386 702 2435 possit
712 2398 750 2436 per
761 2385 801 2425 hoc
814 2386 852 2426 sa-

46 2453 173 2485 cramentum
186 2447 258 2485 deleri.
271 2448 351 2486 Verum
363 2460 402 2485 non
416 2460 427 2485 a
438 2443 532 2497 peccatis
544 2449 610 2485 solum
621 2447 767 2486 Poenitentiae
776 2448 852 2487 Sacra·

46 2515 136 2546 mentum
151 2508 237 2553 liberat,
256 2509 347 2560 gratiam
362 2500 528 2547 sanctificantem
545 2509 651 2547 animabus
662 2509 799 2554 infundendo,
815 2523 853 2560 per

46 2581 105 2617 quam
121 2569 183 2607 bomo
198 2570 219 2606 in
234 2570 275 2606 Dei
290 2571 380 2621 gratiam
392 2570 522 2616 restituitur,
546 2582 592 2608 cum
614 2582 637 2607 eo
660 2582 740 2607 summa
763 2570 854 2609 amicitia

46 2630 189 2680 conjungitur,
203 2630 280 2678 jusque
294 2630 357 2668 habet
373 2630 394 2667 in
407 2636 513 2668 aeternam
525 2630 685 2674 beatitudinem,
702 2630 738 2667 sed
748 2631 852 2669 interdum

45 2700 82 2736 pro
103 2689 235 2728 contritionis
255 2690 340 2728 fervore
359 2696 380 2727 et
397 2703 435 2739 quo
453 2691 537 2739 saepius
554 2692 599 2740 quis
618 2691 750 2735 confiteatur,
766 2703 852 2740 poenam

46 2752 181 2798 temporalem
199 2750 302 2794 diminuit,
319 2751 433 2800 tribuitque
449 2751 574 2795 hominibus
592 2751 625 2800 qui
641 2751 681 2788 hoc
694 2751 852 2788 Sacramentum

72 2843 86 2887 ¹)
96 2845 125 2878 De
135 2846 216 2880 Sacerd.
226 2844 269 2879 libri
277 2847 294 2878 3.
304 2854 320 2878 e.
330 2846 347 2879 b.
357 2849 427 2880 eta-
436 2846 568 2892 astream.
579 2849 685 2881 oa11.10.—
694 2850 710 2889 ³)
719 2844 853 2880 catechismus

95 2895 151 2929 Rom.
160 2898 183 2930 P.
192 2897 216 2930 lt.
227 2906 243 2930 e.
253 2898 270 2929 5.
281 2906 298 2940 q.
309 2898 338 2929 17.
351 2896 403 2930 Edit.
413 2907 472 2941 supra
482 2897 534 2931 citat.
