2056 3193
140 68 185 111 304

139 187 198 220 tanta
225 181 317 220 facilitas
345 181 464 231 peccandi,
492 181 510 219 si
531 193 571 219 non
599 188 657 219 esset
679 189 737 221 tanta
763 182 853 221 facilitas
881 183 949 220 absol-

139 240 236 290 vendi¹].
265 253 276 272 ‘⁴
292 243 320 280 Et
335 242 416 280 Fleurii
431 242 484 281 Abb.
505 242 598 280 limatum
616 242 731 291 judicium:
751 243 875 289 ‚caecatis
896 255 948 294 quae

139 310 244 354 nequeunt
271 304 376 349 excusari,
398 304 478 342 mederi
500 305 618 353 se'putant
640 303 698 342 facili
720 305 861 351 absolutione,
888 316 949 355 quam

140 377 243 415 nunquam
261 365 376 416 denegant,
387 377 413 403 ne
430 365 511 415 quidem
530 364 638 409 differunt,
656 365 827 418 quotiescumque
844 367 948 405 iterantur

139 427 218 476 lapsus.
235 426 267 464 lta
279 426 323 464 voti
334 426 443 465 damnatur
454 425 514 463 homo
525 425 582 463 vitiis
595 432 718 475 coopertus,
731 434 752 465 et
764 429 819 479 agit,
832 428 884 479 quod
896 427 947 472 vult,

138 492 274 537 posteaquam
286 487 351 526 audiit
362 500 385 525 se
397 498 474 524 revera
484 499 586 536 peecare,
603 487 640 525 sed
651 487 766 525 remedium
778 485 826 527 esse
838 489 910 534 facile3
924 500 948 525 ac

140 560 163 585 se
174 560 237 598 posse
249 560 339 598 peceare
351 547 451 598 quotidie,
469 547 487 585 si
504 548 595 597 quotidie
612 548 744 586 confiteatur.
762 548 822 588 Haec
834 550 947 588 absolutio-

140 608 173 646 nis
189 609 282 648 facilitas
297 609 443 660 quodammodo
459 608 480 646 in
496 608 582 647 nibilum
598 608 677 659 redigit
694 615 814 659 peccatum,
839 611 886 661 quia
904 610 948 659 ejus

139 669 251 709 horrorem
270 670 348 714 abolet,
365 669 467 720 facitque,
484 675 508 708 ut
524 670 545 708 id
561 669 664 708 habeatur
678 683 716 721 pro
728 671 781 708 malo
793 683 837 709 non.
847 671 949 710 communi

140 737 231 776 tantum,
248 732 285 769 sed
304 730 365 769 etiam
383 731 505 769 inevitabili.
523 731 574 780 Quis
586 732 671 769 timeret
681 731 767 777 febrim,
785 731 803 769 si
814 731 868 770 banc
880 732 948 782 depel-

140 793 196 830 leret
207 792 330 830 exhaustum
341 792 419 830 vitrum
431 795 510 842 aquae?
523 792 588 841 Quam
600 793 676 831 crebra
688 798 761 830 essent
770 792 828 843 furta
838 793 873 830 vel
883 792 948 831 bomi-
960 835 961 838 Ἴ

142 853 205 897 cidia,
217 853 237 890 si
247 865 285 902 pro
297 853 328 890 eis
340 853 392 891 satis
405 853 466 891 fieret
475 865 514 903 per
525 853 652 892 lavationem
663 856 776 891 manuum?
794 852 904 891 Confessio
917 860 950 891 est

140 914 289 963 propemodum
302 925 366 964 aeque
377 914 457 959 tacitis,
475 915 494 952 si
511 914 591 953 sufficit
609 914 716 953 sacerdoti
732 915 820 963 verbum
837 914 858 952 in
877 926 949 952 aurem

141 975 223 1022 dicere,
240 976 259 1012 si
270 975 340 1013 dilatio
353 974 490 1013 absolutionis
502 975 566 1014 metui
577 987 617 1013 non
630 975 703 1013 debet’'
713 973 740 1023 2).

214 1036 295 1074 Verum
308 1035 360 1073 enim
372 1047 423 1074 vero
435 1047 475 1074 non
486 1037 554 1075 minus
571 1036 660 1085 injuriae
679 1037 781 1075 maculam
800 1036 840 1074 sihi
856 1036 949 1081 inurunt,

141 1097 221 1135 animos
234 1096 336 1141 adimunt,
349 1103 370 1134 et
382 1110 394 1135 a
405 1097 515 1135 salutifero
528 1090 668 1136 Sacramento
679 1097 823 1135 Paenitentiae
836 1103 856 1134 et
867 1097 949 1134 Eucha-

140 1158 214 1196 ristiae
226 1157 345 1202 deterrent,
363 1157 397 1207 qui
413 1158 434 1195 in
448 1157 528 1206 judicio
547 1158 633 1196 ferendo
652 1158 676 1196 de
692 1158 818 1208 poenitentis
836 1157 949 1208 dignitate,

140 1218 211 1257 neseio
231 1230 271 1269 qua
289 1217 352 1256 animi
370 1217 475 1256 anxietate
487 1219 520 1256 vel
532 1218 605 1269 rigore
618 1219 685 1263 ducti,
702 1219 749 1268 plns
763 1219 821 1267 justo
833 1219 949 1269 rigidiores

140 1278 293 1318 absolutionem
304 1278 414 1325 differunt,
432 1285 467 1317 aut
477 1280 538 1328 plane
554 1279 669 1330 denegant,
686 1279 722 1330 ubi
740 1279 785 1328 ejus
804 1279 949 1318 concedendae

140 1341 221 1391 gratia,
239 1339 294 1382 onuii
311 1340 331 1377 in
350 1352 412 1385 casu,
429 1352 493 1389 opera
505 1340 656 1378 emendationis
670 1340 715 1388 jam
729 1340 850 1389 perfectae,
867 1340 912 1377 sive
924 1352 950 1376 ex

139 1401 224 1452 integro
236 1406 363 1439 consecutae
376 1401 470 1452 exigunt.
488 1401 557 1452 Saepe
574 1401 660 1446 accidit,
677 1407 700 1439 ut
717 1400 778 1439 homo
795 1401 853 1442 serio
872 1400 948 1450 resipi-

141 1474 210 1507 scens,
227 1462 248 1500 in
259 1474 336 1513 magno
349 1468 418 1500 tamen
430 1463 553 1500 tentationis
566 1468 626 1500 aestu
637 1468 794 1512 prosternatur,
807 1474 867 1512 quem
879 1462 949 1511 itaque

140 1523 305 1562 emendationem
317 1535 343 1561 ex
354 1523 438 1576 integro
451 1530 587 1563 consecutum
598 1535 646 1562 esse
659 1523 729 1563 dicere
744 1535 874 1574 nequaquam
889 1523 949 1569 licet,

139 1598 213 1624 verum
224 1598 295 1636 quem,
312 1585 414 1636 siquidem
425 1592 473 1636 post
483 1586 564 1636 lapsum
576 1586 647 1624 statim
659 1586 734 1624 iterum
747 1591 834 1637 surgat,
848 1584 949 1623 'vitiosum

140 1647 211 1687 dicere
224 1653 282 1686 certe
294 1646 353 1685 nefas
369 1647 431 1686 foret.
450 1646 520 1697 Quare
533 1648 558 1686 ad
569 1647 729 1699 impertiendam
739 1647 855 1698 poenitenti
867 1648 949 1686 absolu-

140 1710 217 1748 tionem
229 1709 308 1748 suffieit
319 1709 388 1747 serius
401 1715 421 1748 ct
433 1710 510 1749 efficax
528 1709 678 1748 emendationis
695 1712 799 1755 conatus,
818 1709 857 1754 ita,
875 1715 898 1747 ut
915 1708 951 1747 ubi

140 1772 234 1822 reliquae
252 1770 381 1810 conditiones
399 1763 484 1817 adsunt,
501 1771 634 1821 recipiendae
653 1771 736 1823 gratiae
748 1771 829 1810 divinae
843 1783 909 1822 capax
921 1770 949 1809 di-

140 1845 222 1884 gnusve
235 1833 320 1872 censeri
331 1833 412 1871 debeat.

212 1896 246 1932 Ex
264 1894 326 1933 dictis
343 1895 413 1945 itaque
431 1895 506 1945 liquet,
531 1894 616 1933 difficile
634 1894 729 1944 profecto
750 1906 798 1932 esse
816 1893 950 1938 discernere,

140 1968 188 1994 nuni
200 1956 266 2004 runjus
279 1955 375 1993 damnum
387 1969 413 1993 cx
423 1956 555 2007 indulgentia
567 1956 648 2007 regulis
661 1954 791 2007 evangelicis
807 1960 868 2005 atque
881 1956 949 1994 eecle-

141 2017 235 2055 siasticis
247 2016 347 2062 adversa,
365 2029 389 2055 an
403 2030 428 2055 ex
439 2017 512 2068 rigore
525 2017 580 2055 ultra
590 2017 661 2065 justos
673 2016 750 2055 limites
762 2017 864 2066 producto
876 2016 949 2054 fideles

140 2078 234 2128 capiant,
252 2079 299 2116 dum
317 2078 374 2117 illinc
393 2090 441 2117 sese
453 2084 534 2116 temere
546 2090 656 2117 sacrorum
668 2077 819 2126 Mystcriorum
836 2077 949 2127 participa-

140 2140 191 2178 tioni
208 2140 318 2191 ingerunt,
336 2138 383 2178 bine
402 2140 547 2178 saluberrimis
567 2140 647 2177 animae
662 2151 713 2177 suae
728 2139 826 2178 remediis
842 2144 950 2183 arcentur,
999 2135 1001 2138 ’

140 2207 201 2252 atque
213 2200 329 2239 innumeris
341 2200 451 2251 privantur
463 2201 546 2252 gratiis.
565 2201 629 2239 Certe
642 2200 665 2238 S.
678 2200 785 2252 Gregorio
796 2200 848 2238 illan.
862 2197 882 2247 ³]
894 2205 950 2238 teste

139 2263 160 2300 in
172 2262 244 2301 codem
254 2262 305 2300 vitio
317 2269 377 2307 sunt,
389 2262 519 2314 indulgentia
532 2262 613 2301 omnino
626 2261 814 2300 animadversionis
828 2273 911 2311 expers,
929 2266 950 2298 et

141 2323 283 2363 condemnatio
295 2324 356 2362 venia
368 2324 423 2362 omni
435 2336 522 2371 earens3
534 2324 570 2362 illa
581 2335 653 2362 omnes
664 2323 757 2362 habenas
769 2324 850 2367 laxans,
861 2321 913 2360 haee
924 2322 949 2359 ob

136 2385 292 2424 uchementiam
307 2386 458 2437 strangulansg
477 2398 523 2424 cum
541 2392 630 2440 utraque
648 2385 673 2423 ad
690 2384 822 2423 inferendum
842 2383 949 2421 animabus

141 2446 226 2484 exitium
237 2448 319 2492 tendat,
332 2446 450 2495 Jacturam,
468 2460 508 2498 qua
519 2447 587 2496 major
599 2446 692 2497 eogitari
702 2445 758 2484 haud
768 2445 843 2495 possit.

214 2510 254 2546 Fac
261 2508 336 2560 igitur,
347 2508 402 2546 inter
414 2499 523 2546 laxitatem
534 2514 556 2545 et
566 2508 662 2558 rigorem
669 2506 724 2544 viam
737 2512 845 2544 teneamus
853 2505 949 2553 mediam,

140 2574 164 2607 ut
181 2580 248 2618 neque
267 2570 333 2607 obviis
350 2569 500 2620 poenitentium
517 2568 628 2620 promissis
640 2567 702 2606 fidem
720 2565 865 2615 adstruamus,
882 2580 949 2619 neque

140 2630 267 2681 repellamus
278 2630 335 2676 illos,
353 2631 387 2681 qui
405 2643 528 2683 quamquam
546 2629 652 2680 dispositi,
668 2628 747 2667 infirmi
764 2635 834 2668 tamen
853 2635 911 2674 sunt,
929 2635 950 2667 et

139 2692 180 2731 lroe
191 2704 256 2730 sensu
274 2691 336 2729 etiam
355 2705 457 2732 concessa
474 2692 546 2744 gratia
564 2690 698 2731 Sam-amenti
715 2696 827 2741 tantopere
845 2690 953 2742 indigent..

140 2778 311 2787 -—-—---

164 2827 180 2867 1)
195 2824 254 2858 Cone.
268 2825 286 2858 3.
299 2823 358 2857 Dom.
371 2823 404 2857 IV.
417 2824 466 2858 Λᾶν.
484 2827 500 2867 2)
513 2823 567 2859 Dlss.
578 2824 596 2859 8,
605 2821 623 2858 in
632 2821 677 2858 bist
688 2823 736 2862 ecel,
746 2841 768 2848 -
789 2821 806 2868 ³)
821 2822 875 2858 Orat.
885 2824 915 2858 39.
926 2840 949 2847 -

141 2869 193 2907 sav.
202 2873 265 2916 Epist.
275 2870 299 2906 ad
309 2869 392 2906 Charisi.
401 2872 491 2915 Presbyt.
918 2900 921 2906 ,
