2056 3193
155 80 198 129 190

153 202 174 240 111
191 203 230 241 1100
247 201 372 240 miserabilis
389 199 443 238 vitae
461 214 540 253 genere
557 203 599 252 pati
616 215 704 241 necesse
723 205 787 244 fuerit
799 204 860 254 juxta
877 204 958 243 divinae

153 264 294 314 providentiae
306 262 469 312 dispositionem.

227 324 284 372 Quod
300 324 354 362 bona
371 336 445 374 opera,
463 325 546 363 dubium
563 338 602 363 non
619 331 662 370 est,
679 331 769 372 tamea,
787 341 839 378 quae
852 328 958 367 confessa·

153 388 196 425 rins
208 386 344 435 praescribit,
362 398 422 436 quam
436 399 487 437 quae
499 385 559 424 nobis
571 387 622 436 ipsis
635 387 774 437 seligentibus
787 391 928 441 exsequimur,
940 390 958 427 si

153 448 221 486 cordis
233 447 360 496 poenitentis
373 449 464 499 germina
476 449 563 486 intentio
576 448 671 492 accedat,
690 448 714 486 ad
732 449 899 490 satisfactionem
911 458 958 502 apta

152 521 206 546 esse.
234 509 277 546 lmo
291 510 353 548 etiam
366 523 390 547 ea
402 523 479 560 opera,
497 511 521 548 ad
534 522 585 560 quae
597 510 652 561 legis
664 510 790 548 universalis
803 521 916 563 praecepto
928 514 957 551 in-

151 570 268 615 stituimur,
286 572 437 609 satisfactionis
455 571 579 609 adminicula
596 578 682 609 eatenus
700 572 774 609 saltem
790 574 893 622 praebere
910 588 957 625 pos-

150 638 209 678 sunt,
227 639 328 682 qnatenns
345 632 458 669 voluntatis
475 633 572 682 propriae
589 632 748 683 abnegationem
761 633 786 671 ad
797 646 822 671 ea
832 636 911 683 passim
923 649 958 674 ne-

151 694 277 738 cessariam,
300 694 344 730 Deo
362 693 382 730 in
400 693 551 731 satisfactionis
568 705 605 742 pro
622 694 715 743 peccatis
733 694 812 731 nostris
830 696 958 736 sacrificium

149 753 255 791 humiliter
268 755 387 792 offeramus.
406 754 504 792 Ceterum
522 754 648 792 suadendum
666 761 708 800 est,
726 762 758 801 nt,
777 756 823 794 dum
840 756 958 805 hujusmodi

150 828 214 866 opera
225 816 246 853 in
258 816 424 853 satisfactionem
435 815 580 866 injunguntur,
596 828 636 853 non
649 817 768 855 accuratius
781 818 847 855 00111111
860 818 958 857 determi-

149 883 232 922 nentur,
250 883 270 914 et
287 878 367 914 ratione
384 877 451 922 modi,
468 889 521 928 qaae,
545 882 566 914 et
582 878 694 926 temporis,
712 879 816 930 0000111111
832 880 958 928 poenitentis

150 939 219 976 cerdis
236 938 350 975 intentione
363 939 518 987 persolvantur,
536 950 610 976 verum
622 938 685 976 etiam
697 951 743 977 eum
756 940 807 983 alio,
825 940 856 988 [si
867 953 957 979 neeesse

149 1000 225 1046 fuerit]
238 1012 301 1049 opere
314 999 409 1037 strictius
423 999 566 1037 satisfactorie
580 999 705 1051 jungantur.
725 1000 761 1039 Sic
772 1000 811 1038 hac
824 1002 957 1054 0010100111-

150 1061 218 1099 ctione
231 1061 320 1098 orationi
332 1067 352 1097 et
364 1060 429 1097 cultui
441 1060 508 1097 divino
520 1072 569 1097 raro
581 1062 706 1099 vacantibus
724 1063 818 1099 consulto
835 1054 957 1113 injungetur

149 1125 207 1160 inter
224 1125 308 1167 001010,
325 1127 348 1158 111
360 1121 450 1170 quotidie
461 1133 550 1170 vespere
563 1128 584 1158 et
601 1134 671 1166 mane,
689 1123 742 1172 quod
759 1123 849 1172 alioquin
867 1123 956 1175 singulis

150 1184 222 1221 diebus
238 1184 311 1221 facere
327 1188 430 1227 tenemur,
446 1194 484 1231 per
502 1189 548 1220 0010
560 1184 593 1220 vel
606 1183 763 1232 quatuordeeim
775 1184 819 1221 dies
830 1185 956 1234 poenitentis

150 1245 219 1283 cordis
231 1244 355 1289 intentione,
373 1243 462 1293 quinimo
475 1243 536 1281 flexis
548 1244 644 1295 genibus,
662 1250 753 1282 statutas
766 1245 790 1282 ad
801 1246 869 1282 Demn
881 1258 955 1294 preces

148 1306 239 1344 fundant.
251 1305 306 1342 Idem
315 1305 394 1342 obtinet
403 1305 484 1342 ratione
493 1305 625 1342 sacrosancti
633 1305 712 1342 Missae
725 1306 832 1351 sacrificii,
842 1307 955 1351 concionis,

147 1367 252 1416 officiique
270 1366 332 1403 divini
344 1366 416 1403 diebus
428 1365 536 1403 dominicis
550 1372 610 1415 atque
622 1366 712 1403 festivis.
735 1366 817 1415 „Opus,
836 1367 864 1404 ait
875 1368 956 1404 Doctor

147 1428 267 1478 angelicuS,
285 1427 338 1476 quod
350 1427 395 1476 quis
408 1426 459 1464 facit
471 1439 497 1464 ex
508 1427 623 1463 intentione
635 1427 760 1472 sacerdotis,
778 1428 888 1476 dupliciter
900 1428 956 1464 valet

146 1488 269 1537 poenitenti,
286 1500 326 1524 uno
338 1488 397 1525 modo
410 1500 435 1524 ex
446 1493 522 1524 natura
534 1488 615 1536 operis,
634 1488 674 1524 alio
692 1488 751 1525 inodo
769 1500 794 1524 ex
811 1488 832 1525 vi
845 1488 954 1525 clavium.''

404 1604 576 1658 Satislaetionis
596 1606 699 1657 ell'eetus.

221 1731 238 1783 ξ.
258 1728 307 1769 134.
332 1731 500 1773 Satisfactionis,
518 1742 558 1779 qua
575 1729 723 1773 vindicativae,
741 1731 829 1768 effeetus
846 1731 866 1766 111
883 1732 955 1778 poenis

147 1792 272 1830 redimendis
284 1792 399 1841 reponitur.
423 1794 446 1838 a]
464 1791 494 1828 nd
507 1791 608 1828 tollendas
620 1797 755 1839 peecatorum
767 1802 844 1839 poenas
857 1792 955 1828 aeternas
967 1837 968 1840 Ἰ

147 1860 228 1903 spectat
240 1853 366 1897 satisfactio,
378 1853 453 1902 gravia
465 1852 562 1889 confesso
576 1852 679 1888 sententia
692 1851 818 1888 confessarii
830 1863 869 1899 qua
877 1851 956 1898 judicis

146 1915 253 1964 imposita,
271 1926 294 1951 eo
313 1913 365 1964 quod
382 1913 470 1950 10101110
487 1913 563 1950 saitem
575 1912 708 1949 essentialem
720 1911 865 1949 Poelritentiae
878 1911 955 1949 Sacra-

147 1976 220 2022 menti,
249 1988 287 2025 quo
316 1981 414 2013 aeternae
442 1974 578 2011 remittuntur
605 1985 697 2022 poenae,
730 1979 811 2022 partem
840 1974 955 2011 constituit.

147 2038 171 2086 b]
191 2038 260 2088 Opera
277 2051 288 2075 a
306 2036 437 2075 confessario
455 2047 491 2086 pro
510 2035 602 2086 peccatis
619 2034 715 2085 imposita
732 2047 810 2084 poenas
828 2036 955 2085 temporales

147 2101 187 2137 Dei
199 2100 283 2149 justitia
295 2098 439 2137 decernendas
451 2098 584 2141 imminuunt,
602 2103 623 2133 et
638 2097 718 2145 quidem
732 2096 831 2143 majorem
844 2096 955 2134 0011111110-

147 2174 191 2200 10111
204 2161 316 2200 earundem
328 2166 420 2210 partem,
438 2165 480 2197 tum
492 2171 529 2209 pro
543 2158 609 2210 gradu
623 2158 700 2208 operis,
718 2163 760 2195 tum
772 2170 809 2208 pro
822 2157 955 2198 satisfacien-

151 2225 177 2262 tis
195 2224 330 2275 dispositione
348 2224 392 2260 sive
409 2222 541 2260 contritionis
558 2221 650 2259 fervore.
671 2221 726 2258 ldem
743 2221 799 2259 valet
816 2221 840 2259 de
858 2220 956 2272 operibus

149 2287 246 2337 pietatis,
270 2286 365 2325 caritatis
386 2292 406 2323 et
423 2285 576 2335 poenitentiae,
601 2296 652 2334 quae
670 2290 769 2334 peccator
786 2283 827 2321 rite
845 2284 956 2321 confessus

149 2357 233 2399 praeter
245 2349 412 2387 satisfactionem
424 2361 435 2385 a
448 2347 578 2385 confessario
590 2346 719 2395 impositam,
737 2358 783 2384 eum
795 2345 955 2384 intentione'sa-

149 2411 267 2449 tisfaciendi
282 2423 319 2461 pro
336 2409 430 2461 peccatis
446 2410 537 2460 peragit,
555 2408 589 2447 att
601 2409 655 2445 enim
668 2407 783 2446 Concilium
797 2406 955 2445 Tridentinum:

151 2472 190 2511 „si
202 2474 245 2523 quis
258 2473 344 2517 dixerit,
362 2471 516 2522 propeccatis,
534 2470 599 2520 quoad
611 2482 698 2519 poenam
711 2470 856 2519 temporalem,
874 2468 956 2506 minime

149 2535 194 2572 Deo
206 2546 242 2582 per
255 2535 335 2572 Christi
346 2534 422 2571 merita
434 2532 536 2570 satisfieri
547 2531 619 2581 poenis
633 2531 657 2569 ab
670 2543 693 2569 eo
710 2531 797 2568 inflictis
815 2537 835 2568 et
851 2529 957 2579 patienter.

149 2596 255 2640 toleratis,
272 2598 304 2634 vel
320 2596 431 2634 sacerdote
447 2594 555 2643 injunctis,
574 2593 610 2630 sed
626 2605 692 2642 neque
708 2599 780 2642 sponte
797 2591 916 2640 susceptis,
933 2599 956 2630 nt

144 2657 242 2707 jejuniis,
260 2658 394 2702 orationibus,
413 2655 558 2704 elemnosynis,
571 2655 604 2691 vel
616 2654 662 2691 01110
675 2654 737 2692 etiam
749 2653 834 2704 pietatis
839 2667 845 2697 3
858 2654 955 2703 operibus

149 2728 211 2770 atque
228 2719 273 2756 ideo
289 2720 385 2768 eptimam
399 2718 547 2768 poenitentiam
562 2728 609 2754 esse
629 2722 708 2754 tantum
726 2728 799 2753 novam
814 2715 887 2761 vitam,
907 2728 953 2754 ana·

147 2783 218 2820 thema
230 2781 258 2819 sit
266 2779 291 2827 ¹).

148 2877 345 2886 ..-...-.—-—-

173 2919 188 2958 ¹)
199 2916 254 2951 Sess.
264 2914 316 2949 XlV.
327 2922 368 2947 ean.
376 2915 404 2947 13.
