1991 3193
863 133 904 172 Vll

94 257 120 304 in
134 251 376 304 elucubrationibus
389 250 586 319 praeclarorum
600 253 758 320 scriptorum
772 253 903 301 contentis

93 338 247 401 innituntur,
261 337 289 386 in
300 336 446 387 Euchiridii
459 336 579 394 formam,
598 337 656 385 usui
670 335 823 404 quotidiano
837 354 903 387 eon-

93 423 262 474 fessariorum
274 420 601 490 magisacoommodatam,
615 438 692 487 quam
704 422 839 473 volumina
851 438 905 473 ma·

93 527 147 577 gna
160 526 217 560 esse
231 509 324 574 solent,
337 505 483 573 redigendo
497 512 523 556 et
536 506 563 556 iu
576 506 662 556 lucem
676 507 789 574 edendo,
808 522 905 577 operae

93 596 206 662 pretimn
219 614 260 645 me
267 596 398 646 factmum
405 593 503 659 putavi.
518 591 697 643 Concinnatus
706 600 746 642 est
751 594 819 645 liber
826 613 904 662 prae-

92 681 182 749 primis
201 681 235 732 ad
250 679 402 739 formandos
420 679 447 729 in
466 679 605 729 seminario
622 678 804 730 adolescentes
822 681 904 733 eccle-

94 766 224 830 siasticcs,
244 772 283 829 ut,
305 765 350 832 qui
366 772 486 816 recentes
502 764 605 816 muneri
618 765 804 816 confessionali
820 767 903 834 appli-

93 860 197 910 cantur,
224 850 357 901 doctrinas
370 868 419 918 pro
433 850 642 902 confessionibus
656 850 793 902 audiendis
805 851 905 919 pleras-

95 955 145 1005 que
158 937 185 986 in
198 936 248 987 hac
261 937 434 988 instructione
448 937 786 1006 reperirent„modumque
800 938 906 989 easdem

92 1023 119 1071 in
131 1022 207 1088 praxi
221 1022 373 1089 applicandi
386 1023 553 1089 indigitatum
565 1023 702 1074 haberent.

166 1106 279 1157 Tantum
294 1114 381 1158 autem
395 1109 477 1173 abest,
490 1115 519 1157 ut
534 1108 642 1175 aliquid,
663 1108 734 1176 quod
748 1110 904 1162 exercitatos

93 1193 268 1245 confessarios
282 1194 309 1243 in
321 1212 429 1244 munere
443 1213 490 1245 suo
504 1195 601 1244 rectius
610 1194 731 1245 obeundo
741 1194 834 1262 juvare
843 1215 904 1264 pos-

93 1278 133 1342 sit,
148 1279 241 1330 afferre
255 1280 375 1346 cogitem,
390 1287 419 1328 ut
432 1280 532 1347 potius,
551 1297 618 1347 quae
632 1281 793 1333 confessario
806 1283 904 1350 tyroni,

93 1364 138 1431 qui
150 1365 329 1415 instructionis
344 1372 384 1415 est
397 1365 508 1432 cupidus
516 1383 569 1414 non
580 1365 666 1415 minus
680 1383 710 1416 ao
723 1366 836 1437 indigus,
845 1368 905 1418 usui

93 1467 150 1500 esse
163 1451 273 1518 possint,
288 1451 315 1500 iu
329 1451 511 1517 compendium
523 1451 682 1517 redegerim,
697 1469 763 1518 quos
778 1452 847 1503 enim
861 1470 904 1503 ex·

91 1537 222 1602 perientia
234 1537 361 1603 magistra
374 1537 469 1601 docuit,
477 1554 568 1587 eorum
581 1555 630 1604 ego
643 1538 712 1588 malo
727 1539 817 1589 audire
830 1554 903 1605 prae-

91 1629 180 1689 cepta,
207 1641 285 1690 quam
301 1642 370 1674 nova
387 1623 574 1690 superaddere.
604 1624 674 1683 ,Nee
691 1624 905 1692 praerogativam

91 1708 208 1758 mihimet
222 1710 352 1772 scientiae,
367 1709 389 1759 si
402 1709 452 1760 hoc
465 1709 529 1759 meis
544 1711 777 1761 consacerdotibus
791 1710 903 1761 charita-

90 1794 124 1844 tis
143 1795 239 1845 intuitu
258 1813 424 1863 praerogem,
450 1796 599 1859 vindicabo,
618 1835 624 1845 .
640 1834 645 1845 .
661 1835 666 1846 .
684 1796 731 1847 sed
743 1797 831 1863 potius
845 1813 904 1846 cum

39 1868 43 1876 ¹
91 1880 157 1931 haec
171 1881 204 1930 ad
216 1881 278 1932 illos
291 1881 364 1948 loqui
377 1881 469 1943 audeo,
484 1881 561 1931 simul
574 1881 706 1945 cumillis,
720 1899 786 1948 quae
801 1880 903 1949 loquor,

91 1966 219 2017 audiam.“
237 1966 261 2036 ss)
288 1966 365 2032 Quid,
380 1967 451 2033 quod
463 1967 490 2017 in
504 1968 541 2017 eis
554 1985 609 2025 non
626 1974 681 2017 tam
698 1984 797 2031 meum,
825 1984 903 2033 quam

91 2052 231 2104 authorum
243 2053 490 2121 probatissimorum
503 2070 610 2103 sensum
625 2053 774 2113 retulerim,
792 2069 904 2120 quorum

53 2128 55 2130 ¹
92 2139 260 2206 exoperibus
278 2138 361 2189 multa
382 2145 408 2188 et
427 2138 565 2206 praeclara
579 2139 704 2200 desums'i,
731 2145 758 2188 et
777 2155 824 2188 suo
843 2137 902 2189 loco

92 2224 208 2291 deposui.
232 2224 411 2275 'Nihilominus
426 2231 514 2275 tamen
527 2224 615 2291 plura,
633 2224 705 2291 quod
721 2241 810 2274 rerum
824 2240 902 2290 expo-

90 2311 236 2361 nendarum
253 2310 355 2377 copiam
373 2311 479 2374 attinet,
505 2310 533 2359 in
548 2310 598 2361 hoc
613 2309 681 2360 libro
701 2310 793 2360 deesse
806 2309 902 2375 fateor3

91 2403 131 2446 ast
144 2397 303 2461 memineris,
330 2414 439 2465 quaeso,
465 2397 562 2446 Lector
575 2395 716 2446 benevole!
742 2413 784 2445 me
797 2395 902 2445 nonnisi

90 2482 274 2550 compendium
292 2483 398 2533 tradere
410 2482 526 2532 voluisse
539 2482 566 2531 in
579 2499 655 2531 usum
663 2481 798 2548 juniorum
811 2496 901 2531 sacer-

91 2567 187 2638 dotum,
202 2569 297 2635 quibus
312 2568 427 2618 studium
440 2585 494 2617 non
508 2567 590 2631 deest,
603 2584 653 2616 nec
665 2567 807 2633 ingenium.
823 2566 859 2615 Et
871 2573 901 2616 ut

90 2669 139 2719 ego
153 2653 252 2719 opinor,
266 2653 404 2721 praeclare
418 2670 522 2720 quoque
537 2653 569 2702 de
581 2651 709 2715 Ecclesia,
724 2650 861 2717 Religione
874 2657 900 2700 et

90 2730 215 2801 proximis
229 2746 363 2788 merentur
376 2739 401 2802 ii,
416 2739 470 2805 qui,
484 2737 546 2788 lieet
559 2756 612 2787 non
627 2754 729 2804 semper
744 2727 861 2803 perfecta
874 2741 900 2783 et

92 2874 277 2887 Ἢ*-

65 2938 68 2944 ’
114 2928 133 2970 *)
143 2931 163 2964 S⁴
174 2931 238 2966 Aiilbr.
246 2933 289 2966 libr.
299 2932 321 2966 de
331 2931 410 2966 Sacerd.
421 2932 471 2974 dign.
480 2940 497 2965 c.
508 2933 524 2964 1.
