2017 3193
856 100 898 151 ira

91 222 158 266 exitus
172 238 272 277 aquarum
284 224 385 266 deducant
401 221 456 267 oculi
467 227 516 274 mei,
529 227 609 279 operiat
621 225 716 267 confusio
728 222 804 266 faciem
820 237 897 272 meam,

91 289 173 327 deficiat
184 289 204 325 in
217 289 287 326 dolore
299 290 341 327 vita
354 304 410 336 mea,
423 296 442 327 et
456 289 504 325 311111
515 291 555 325 11131
566 291 586 326 111
598 291 723 341 gemitibus”
736 288 761 337 1).

163 350 187 396 b]
199 351 218 386 A
229 353 285 398 quo?
301 350 350 398 Quis
363 357 395 388 est
409 351 458 394 ille,
476 349 510 397 qui
520 349 622 386 infinitam
633 351 673 387 Dei
684 352 819 399 Majestatem
840 355 898 387 tanta

90 409 186 446 libertate
203 412 330 448 contemnit?
349 413 467 453 Creatura,
485 415 515 453 et,
531 409 583 456 quod
598 411 643 457 plus
662 416 707 454 est,
724 412 759 447 ille
778 411 866 448 summis
886 423 897 446 a

89 468 134 505 Deo
154 470 269 507 cumulatus
281 471 399 513 beneficiis,
415 475 499 506 creatus
517 467 598 504 infinita
609 469 714 514 potentia,
735 471 836 507 ineffabili
848 483 896 508 con-

89 535 186 565 servatus
203 531 345 578 providentia,
358 530 464 567 redemtus
477 527 567 565 maxima
586 526 689 565 charitate
708 531 807 567 extremis
819 530 895 568 dolori-

89 589 126 628 bus
139 596 160 629 et
171 597 236 631 morte
248 591 448 647 ignominiosissima
460 589 513 628 ι13311
527 588 616 635 Christi,
629 587 648 626 111
661 588 725 627 filium
738 590 845 641 adoptatus
857 604 895 644 per

88 654 225 705 Baptisumm,
238 658 300 696 toties
313 657 337 695 ad
348 655 529 706 participationem
542 654 729 693 Sacrameutorum
742 654 851 701 admissus,
866 658 895 695 la·

89 723 157 754 ctatus
171 719 279 768 Sanguine
292 726 312 756 et
324 718 453 755 divinissimo
468 723 541 766 pastus
555 717 655 764 Corpore.
676 717 716 753 „Er
727 715 815 753 hoccine
826 719 895 755 reddis

88 776 175 814 Domino
187 780 260 827 popule
273 779 336 815 stulte
346 784 367 813 et
376 777 491 826 insipiens?
503 775 600 825 numquid
613 787 653 811 non
665 775 710 823 ipse
723 782 755 812 est
769 782 828 825 pater
841 783 895 820 tuus,

88 837 121 885 qui
138 838 232 886 possedit
249 845 282 882 te,
306 844 327 874 et
345 837 406 880 fecit,
430 842 451 872 et
466 836 548 873 creavit
563 838 600 872 te?
622 835 721 879 redemit,
739 841 760 872 et
777 836 896 873 sanctifica-

87 897 116 933 vit
127 900 165 933 te?
176 896 215 943 Ὗ

160 959 183 1005 c]
198 957 289 1007 Propter
305 956 367 1006 quid?
383 955 521 993 Levissimum
541 956 565 993 ob
582 967 667 993 causam
679 956 738 993 Deus
757 957 897 994 contemnitur

86 1027 107 1059 et
121 1020 243 1066 otl'enditur,
261 1020 352 1058 miserae
370 1019 485 1070 uoluptatis
504 1018 582 1065 studio,
600 1042 630 1046 -
647 1018 748 1058 incitante
765 1032 841 1059 caecae
861 1032 895 1059 vo-

87 1084 172 1121 luntatis
185 1084 274 1120 stimulo.
295 1082 457 1131 „obstupescite
471 1082 525 1120 coeli
536 1094 600 1132 super
611 1082 662 1126 hoc,
681 1088 702 1120 et
712 1089 785 1132 portae
805 1083 849 1131 ejus
862 1084 896 1121 de-

87 1144 182 1180 solamini
196 1143 343 1187 vehementem
361 1143 412 1179 dicit
426 1143 535 1179 Dominus
554 1145 601 1179 Duo
614 1143 668 1179 enim
679 1144 734 1179 mala
746 1144 797 1180 fecit
808 1145 895 1191 populus

88 1214 155 1238 uicus:
171 1203 206 1238 Me
219 1202 384 1251 dereliquerunt,
396 1203 474 1238 fontem
486 1202 637 1250 aquaevivae,
655 1208 676 1237 et
693 1203 791 1239 foderunt
809 1202 849 1239 sibl
867 1204 896 1240 ci-

87 1268 180 1306 sternas,
194 1262 298 1299 cisternas
311 1262 434 1310 dissipatas,
448 1274 499 1311 quae
512 1262 620 1298 continere
631 1273 672 1298 non
683 1263 754 1298 valent
768 1263 845 1311 aquas⁵'
854 1261 880 1309 3),

161 1323 184 1370 d]
196 1322 235 1359 Ubi
247 1329 268 1360 et
279 1323 373 1373 quando?
389 1323 411 1359 ln
424 1323 477 1360 facie
490 1328 511 1359 et
521 1323 542 1359 in
555 1322 620 1360 oculis
633 1322 702 1359 omnia
714 1329 820 1360 terrarum
839 1336 894 1361 com-

86 1384 234 1435 prehendentis
247 1386 314 1437 spatia
326 1385 477 1436 delinquimus,
495 1392 515 1424 et
528 1398 551 1424 eo
563 1386 608 1436 ipso
621 1384 721 1432 articulo,
739 1398 778 1437 quo
793 1392 850 1425 totus
863 1393 895 1425 est

86 1448 105 1486 in
119 1449 255 1494 conferendo,
269 1449 364 1499 quidquid
375 1447 489 1494 habemus,
503 1449 555 1486 unde
568 1449 592 1487 ad
604 1448 725 1498 obsequium
738 1462 798 1487 suurn
809 1462 847 1487 nos
860 1463 894 1488 ex-

87 1510 146 1553 citat,
159 1510 239 1558 quaudo
251 1511 314 1547 vitam
329 1517 443 1559 prorogat,
457 1523 517 1558 quam
528 1510 558 1546 113
570 1516 692 1553 conservat,
710 1517 807 1559 tauquam
819 1511 839 1547 in
851 1524 894 1548 mo-

87 1575 155 1604 menta
170 1570 254 1617 singula
271 1570 368 1617 primitus
381 1570 500 1613 conferretg
521 1570 601 1616 quando
619 1569 697 1605 victum
708 1570 813 1619 porrigit,-
830 1571 895 1607 vesti-

86 1634 155 1664 menta
167 1628 294 1676 suppeditat:
313 1628 393 1677 quando
406 1629 461 1665 inille
474 1629 536 1664 etiam
548 1629 632 1664 interna
645 1635 704 1664 arcet
718 1629 840 1666 discrimina
847 1644 853 1674 ;
865 1651 896 1657 —

87 1700 110 1725 eo
122 1688 167 1738 ipso
180 1694 283 1739 tempore,
296 1701 334 1738 quo
347 1700 406 1726 nemo
418 1695 514 1726 nostrum
526 1689 582 1726 illius
595 1688 712 1726 offendendi
724 1689 810 1727 auderet
822 1689 895 1728 admit·

86 1757 132 1789 tere
148 1751 303 1804 cogitationem.
318 1751 428 1799 Profecto,
446 1752 499 1790 haec
512 1752 530 1790 si
542 1752 599 1791 seria
615 1758 682 1790 mente
696 1759 794 1803 reputes,
806 1760 894 1804 peccato

86 1814 140 1867 nihil}
155 1815 249 1864 turpius,
270 1815 360 1865 nihilque
375 1815 395 1851 iu
415 1817 481 1853 Deum
498 1816 656 1853 abominabilius
675 1816 757 1864 concipi
775 1817 808 1853 vel
827 1818 894 1855 animo

86 1875 137 1925 fingi
155 1883 231 1924 potest.
251 1876 315 1923 Quem
334 1877 387 1912 tanti
402 1877 481 1926 ingrati
497 1877 559 1913 animi
575 1889 688 1914 memorem
701 1890 739 1913 111111
753 1878 828 1925 pudeat
846 1891 894 1926 pec-

87 1936 138 1979 cati,
156 1936 203 1971 dum
215 1937 309 1973 recolere
323 1936 372 1971 velit
384 1937 485 1972 11311311313
503 1931 894 1986 11111111113111331111111111111’3133111311-

87 1993 154 2043 laria,
171 1993 258 2031 33311113
274 2002 294 2031 31
309 1995 441 2044 trermifesta,
466 1994 598 2045 teorporalia
616 1996 695 2043 pariter
712 2002 732 2031 et
750 1997 878 2045 spiritualia
884 2024 893 2044 ,

86 2054 158 2104 quibus
178 2054 281 2091 hominem
295 2055 324 2091 ita
340 2055 487 2093 circumcinxit
501 2051 571 2100 Deus,
590 2062 622 2099 ut,
641 2067 720 2105 quoque
740 2056 849 2105 respiciat,
874 2057 893 2093 in

86 2117 158 2156 oculos
169 2117 285 2156 inomrant.
299 2116 349 2167 Quis
361 2130 401 2156 non
413 2117 597 2157 vehementissimo
611 2118 672 2157 animi
685 2117 756 2157 dolore
772 2125 894 2158 conteratur

86 2181 110 2218 ob
122 2181 219 2230 injuriam
237 2187 323 2229 peceato
336 2181 457 2219 Redemtori
470 2182 603 2219 sanctissimo
615 2182 707 2227 illatam,
724 2182 757 2220 cui
769 2183 894 2220 temerarius

86 2242 233 2291 quodammodo
246 2243 334 2279 tentavit
345 2249 448 2280 renovare
461 2244 558 2287 vulnera,
574 2244 653 2280 iterare
666 2245 790 2292 opprobria,
804 2245 893 2293 quaudo-

86 2303 166 2350 quidem
178 2303 269 2351 patravit
285 2302 315 2345 id,
335 2302 387 2349 quod
401 2315 485 2339 eausam
499 2303 710 2347 1131111311131111113111,
728 2316 801 2351 nempe
819 2316 894 2351 pecca·

85 2366 134 2397 tuni.
149 2363 254 2399 „Rursum
274 2361 423 2409 crucifigentes
439 2361 574 2408 sibimetipsis
587 2361 651 2397 filium
662 2362 703 2396 Dei
715 2369 736 2397 et
748 2363 840 2398 ostentui
858 2363 894 2399 113-

85 2420 158 2458 bentes
167 2419 207 2468 Ἥ
220 2442 249 2447 —-
260 2421 321 2458 Ratio
334 2420 399 2471 igitur
412 2433 499 2464 3111111113,
512 2421 582 2469 quain
596 2420 702 2469 peccantis
716 2422 783 2458 animo
796 2423 895 2459 contritio

86 2483 200 2531 excitetur,
213 2488 245 2521 est
262 2481 394 2523 considerata
414 2490 434 2522 et
446 2482 560 2534 poenitenti
577 2488 738 2535 repraesentata
756 2483 798 2522 Dei
815 2483 896 2523 infinita

85 2545 187 2595 Maiestas
200 2554 220 2584 31
232 2547 373 2585 munificentia
391 2547 411 2584 in
424 2560 468 2584 nos.
488 2546 588 2585 Odiosum
601 2547 680 2585 crimen
693 2554 725 2585 est
737 2548 800 2585 animi
814 2549 895 2599 ingrati

86 2607 156 2656 eulpa,
174 2616 207 2647 ast
219 2621 322 2659 ririrrquam
334 2609 433 2654 odiosius,
447 2621 506 2659 quam
520 2621 566 2646 oum
578 2610 598 2646 in
611 2611 663 2647 Eum
676 2609 822 2659 delinquimus,
835 2610 895 2659 cujus

84 2664 229 2707 inexhaustam
240 2671 261 2707 in
272 2682 311 2707 nos
323 2670 481 2708 beneficentiam
489 2670 551 2707 nullis
564 2683 653 2719 unquam
664 2682 776 2718 possumus
789 2672 894 2721 obsequiis

86 2734 228 2772 compensare.

92 2807 275 2820 κ-

110 2867 125 2908 ¹)
135 2865 156 2900 S.
165 2866 223 2900 Bern.
234 2869 298 2904 Serm.
310 2872 338 2905 16-
348 2870 403 2905 Cant.
413 2890 437 2895 —
446 2873 462 2912 2)
471 2872 542 2904 Deulr.
552 2871 632 2906 xxnu.
642 2873 660 2905 6.
670 2890 694 2895 -
703 2871 719 2915 ³)
730 2871 828 2905 13131111.
836 2872 864 2904 12.
872 2889 895 2896 κ

133 2916 149 2963 4)
158 2917 218 2952 Hebe
229 2920 261 2954 VI.
272 2924 289 2956 6.
700 2972 728 3013 12
737 2971 747 2988 ᾗ
