<?xml version="1.0" encoding="UTF-8"?>
<!DOCTYPE html PUBLIC "-//W3C//DTD XHTML 1.0 Transitional//EN"
    "http://www.w3.org/TR/xhtml1/DTD/xhtml1-transitional.dtd">
<html xmlns="http://www.w3.org/1999/xhtml" xml:lang="en" lang="en">
 <head>
  <title>
</title>
<meta http-equiv="Content-Type" content="text/html;charset=utf-8" />
  <meta name='ocr-system' content='tesseract 3.04.00' />
  <meta name='ocr-capabilities' content='ocr_page ocr_carea ocr_par ocr_line ocrx_word'/>
</head>
<body>
  <div class='ocr_page' id='page_1' title='image "MN42038ucmf_0_0253.png"; bbox 0 0 2017 3193; ppageno 0'>
   <div class='ocr_carea' id='block_1_1' title="bbox 73 265 881 871">
    <p class='ocr_par' dir='ltr' id='par_1_1' title="bbox 102 265 881 380">
     <span class='ocr_line' id='line_1_1' title="bbox 103 265 881 316; baseline -0.003 -12"><span class='ocrx_word' id='word_1_1' title='bbox 103 279 155 316; x_wconf 88' lang='lat' dir='ltr'>aqua</span> <span class='ocrx_word' id='word_1_2' title='bbox 168 272 190 303; x_wconf 88' lang='lat' dir='ltr'>et</span> <span class='ocrx_word' id='word_1_3' title='bbox 201 277 252 314; x_wconf 82' lang='lat' dir='ltr'>pane</span> <span class='ocrx_word' id='word_1_4' title='bbox 265 272 343 315; x_wconf 81' lang='lat' dir='ltr'>septem</span> <span class='ocrx_word' id='word_1_5' title='bbox 359 267 403 306; x_wconf 92' lang='lat' dir='ltr'>dies</span> <span class='ocrx_word' id='word_1_6' title='bbox 417 265 508 311; x_wconf 80' lang='lat' dir='ltr'>victitet,</span> <span class='ocrx_word' id='word_1_7' title='bbox 528 267 546 303; x_wconf 92' lang='lat' dir='ltr'>si</span> <span class='ocrx_word' id='word_1_8' title='bbox 558 268 649 305; x_wconf 87' lang='lat' dir='ltr'>secundo</span> <span class='ocrx_word' id='word_1_9' title='bbox 666 281 690 306; x_wconf 89' lang='lat' dir='ltr'>ac</span> <span class='ocrx_word' id='word_1_10' title='bbox 702 266 767 305; x_wconf 83' lang='lat' dir='ltr'>tertio</span> <span class='ocrx_word' id='word_1_11' title='bbox 782 266 881 309; x_wconf 86' lang='lat' dir='ltr'>monitus,</span> 
     </span>
     <span class='ocr_line' id='line_1_2' title="bbox 102 326 444 380; baseline -0.006 -15"><span class='ocrx_word' id='word_1_12' title='bbox 102 327 156 365; x_wconf 89' lang='lat' dir='ltr'>idem</span> <span class='ocrx_word' id='word_1_13' title='bbox 169 326 252 371; x_wconf 82' lang='lat' dir='ltr'>feeerit,</span> <span class='ocrx_word' id='word_1_14' title='bbox 265 327 308 365; x_wconf 89' lang='lat' dir='ltr'>dies</span> <span class='ocrx_word' id='word_1_15' title='bbox 321 328 444 380; x_wconf 87' lang='lat' dir='ltr'>quindecim.</span> 
     </span>
    </p>

    <p class='ocr_par' dir='ltr' id='par_1_2' title="bbox 73 384 881 871">
     <span class='ocr_line' id='line_1_3' title="bbox 73 384 880 441; baseline -0.001 -14"><span class='ocrx_word' id='word_1_16' title='bbox 73 389 97 427; x_wconf 88' lang='lat' dir='ltr'>Si</span> <span class='ocrx_word' id='word_1_17' title='bbox 109 389 154 438; x_wconf 89' lang='lat' dir='ltr'>quis</span> <span class='ocrx_word' id='word_1_18' title='bbox 166 388 241 434; x_wconf 87' lang='lat' dir='ltr'>Deum,</span> <span class='ocrx_word' id='word_1_19' title='bbox 253 390 286 427; x_wconf 90' lang='lat' dir='ltr'>vel</span> <span class='ocrx_word' id='word_1_20' title='bbox 297 391 379 429; x_wconf 83' lang='lat' dir='ltr'>beatam</span> <span class='ocrx_word' id='word_1_21' title='bbox 394 385 506 439; x_wconf 84' lang='lat' dir='ltr'>Virginem</span> <span class='ocrx_word' id='word_1_22' title='bbox 522 393 557 425; x_wconf 84' lang='lat' dir='ltr'>aut</span> <span class='ocrx_word' id='word_1_23' title='bbox 573 387 660 438; x_wconf 89' lang='lat' dir='ltr'>aliquem</span> <span class='ocrx_word' id='word_1_24' title='bbox 676 390 777 429; x_wconf 86' lang='lat' dir='ltr'>Sanctum</span> <span class='ocrx_word' id='word_1_25' title='bbox 796 384 880 441; x_wconf 92' lang='lat' dir='ltr'>publice</span> 
     </span>
     <span class='ocr_line' id='line_1_4' title="bbox 101 449 880 504; baseline -0.001 -15"><span class='ocrx_word' id='word_1_26' title='bbox 101 449 284 500; x_wconf 78' lang='lat' dir='ltr'>blasphemaverit,</span> <span class='ocrx_word' id='word_1_27' title='bbox 298 466 348 504; x_wconf 82' lang='lat' dir='ltr'>prae</span> <span class='ocrx_word' id='word_1_28' title='bbox 362 451 442 490; x_wconf 84' lang='lat' dir='ltr'>toribus</span> <span class='ocrx_word' id='word_1_29' title='bbox 455 449 559 488; x_wconf 81' lang='lat' dir='ltr'>eeclesiae</span> <span class='ocrx_word' id='word_1_30' title='bbox 579 450 686 489; x_wconf 72' lang='lat' dir='ltr'>dominicis</span> <span class='ocrx_word' id='word_1_31' title='bbox 703 451 773 491; x_wconf 92' lang='lat' dir='ltr'>diebus</span> <span class='ocrx_word' id='word_1_32' title='bbox 790 458 880 502; x_wconf 83' lang='lat' dir='ltr'>septem,</span> 
     </span>
     <span class='ocr_line' id='line_1_5' title="bbox 102 511 880 565; baseline 0.003 -15"><span class='ocrx_word' id='word_1_33' title='bbox 102 512 149 550; x_wconf 91' lang='lat' dir='ltr'>dum</span> <span class='ocrx_word' id='word_1_34' title='bbox 161 513 272 553; x_wconf 89' lang='lat' dir='ltr'>missarum</span> <span class='ocrx_word' id='word_1_35' title='bbox 285 515 386 553; x_wconf 88' lang='lat' dir='ltr'>solemnia</span> <span class='ocrx_word' id='word_1_36' title='bbox 398 519 497 564; x_wconf 81' lang='lat' dir='ltr'>agantur,</span> <span class='ocrx_word' id='word_1_37' title='bbox 510 518 553 549; x_wconf 90' lang='lat' dir='ltr'>stet</span> <span class='ocrx_word' id='word_1_38' title='bbox 564 511 585 548; x_wconf 92' lang='lat' dir='ltr'>in</span> <span class='ocrx_word' id='word_1_39' title='bbox 598 512 715 558; x_wconf 84' lang='lat' dir='ltr'>manifesto,</span> <span class='ocrx_word' id='word_1_40' title='bbox 729 515 840 565; x_wconf 83' lang='lat' dir='ltr'>ultimoque</span> <span class='ocrx_word' id='word_1_41' title='bbox 854 526 880 551; x_wconf 79' lang='lat' dir='ltr'>ex</span> 
     </span>
     <span class='ocr_line' id='line_1_6' title="bbox 102 573 879 627; baseline 0.003 -16"><span class='ocrx_word' id='word_1_42' title='bbox 102 574 143 612; x_wconf 90' lang='lat' dir='ltr'>illis</span> <span class='ocrx_word' id='word_1_43' title='bbox 156 574 188 612; x_wconf 92' lang='lat' dir='ltr'>die</span> <span class='ocrx_word' id='word_1_44' title='bbox 200 576 244 614; x_wconf 90' lang='lat' dir='ltr'>sine</span> <span class='ocrx_word' id='word_1_45' title='bbox 256 578 316 627; x_wconf 85' lang='lat' dir='ltr'>pallio</span> <span class='ocrx_word' id='word_1_46' title='bbox 325 584 346 615; x_wconf 92' lang='lat' dir='ltr'>et</span> <span class='ocrx_word' id='word_1_47' title='bbox 354 574 512 618; x_wconf 77' lang='lat' dir='ltr'>calceamentis,</span> <span class='ocrx_word' id='word_1_48' title='bbox 525 573 605 624; x_wconf 80' lang='lat' dir='ltr'>ligatus</span> <span class='ocrx_word' id='word_1_49' title='bbox 619 573 713 625; x_wconf 79' lang='lat' dir='ltr'>corrigia</span> <span class='ocrx_word' id='word_1_50' title='bbox 726 575 783 613; x_wconf 88' lang='lat' dir='ltr'>eirca</span> <span class='ocrx_word' id='word_1_51' title='bbox 796 576 879 620; x_wconf 84' lang='lat' dir='ltr'>collum,</span> 
     </span>
     <span class='ocr_line' id='line_1_7' title="bbox 103 634 879 688; baseline 0.003 -15"><span class='ocrx_word' id='word_1_52' title='bbox 103 642 222 688; x_wconf 83' lang='lat' dir='ltr'>septemque</span> <span class='ocrx_word' id='word_1_53' title='bbox 235 637 408 688; x_wconf 74' lang='lat' dir='ltr'>praecedentibus</span> <span class='ocrx_word' id='word_1_54' title='bbox 421 635 480 673; x_wconf 87' lang='lat' dir='ltr'>feriis</span> <span class='ocrx_word' id='word_1_55' title='bbox 493 634 560 672; x_wconf 86' lang='lat' dir='ltr'>sextis</span> <span class='ocrx_word' id='word_1_56' title='bbox 577 635 597 672; x_wconf 92' lang='lat' dir='ltr'>in</span> <span class='ocrx_word' id='word_1_57' title='bbox 616 648 668 686; x_wconf 86' lang='lat' dir='ltr'>pane</span> <span class='ocrx_word' id='word_1_58' title='bbox 680 642 706 673; x_wconf 89' lang='lat' dir='ltr'>et</span> <span class='ocrx_word' id='word_1_59' title='bbox 725 648 777 685; x_wconf 87' lang='lat' dir='ltr'>aqna</span> <span class='ocrx_word' id='word_1_60' title='bbox 791 636 879 685; x_wconf 81' lang='lat' dir='ltr'>jejunet,</span> 
     </span>
     <span class='ocr_line' id='line_1_8' title="bbox 103 697 881 748; baseline 0 -13"><span class='ocrx_word' id='word_1_61' title='bbox 103 699 214 737; x_wconf 89' lang='lat' dir='ltr'>ecclesiam</span> <span class='ocrx_word' id='word_1_62' title='bbox 237 707 285 738; x_wconf 89' lang='lat' dir='ltr'>tune</span> <span class='ocrx_word' id='word_1_63' title='bbox 304 700 359 736; x_wconf 90' lang='lat' dir='ltr'>nullo</span> <span class='ocrx_word' id='word_1_64' title='bbox 379 698 437 735; x_wconf 92' lang='lat' dir='ltr'>modo</span> <span class='ocrx_word' id='word_1_65' title='bbox 456 697 602 748; x_wconf 77' lang='lat' dir='ltr'>ingressurus¹</span> <span class='ocrx_word' id='word_1_66' title='bbox 626 697 722 748; x_wconf 80' lang='lat' dir='ltr'>Singulis</span> <span class='ocrx_word' id='word_1_67' title='bbox 741 697 821 747; x_wconf 90' lang='lat' dir='ltr'>pariter</span> <span class='ocrx_word' id='word_1_68' title='bbox 840 699 881 735; x_wconf 87' lang='lat' dir='ltr'>illis</span> 
     </span>
     <span class='ocr_line' id='line_1_9' title="bbox 103 759 880 810; baseline -0.001 -13"><span class='ocrx_word' id='word_1_69' title='bbox 103 767 183 810; x_wconf 85' lang='lat' dir='ltr'>septem</span> <span class='ocrx_word' id='word_1_70' title='bbox 195 761 266 799; x_wconf 90' lang='lat' dir='ltr'>diebus</span> <span class='ocrx_word' id='word_1_71' title='bbox 278 759 395 798; x_wconf 86' lang='lat' dir='ltr'>Dominicis</span> <span class='ocrx_word' id='word_1_72' title='bbox 408 766 461 804; x_wconf 90' lang='lat' dir='ltr'>tres,</span> <span class='ocrx_word' id='word_1_73' title='bbox 474 765 509 796; x_wconf 85' lang='lat' dir='ltr'>ant</span> <span class='ocrx_word' id='word_1_74' title='bbox 521 759 579 804; x_wconf 90' lang='lat' dir='ltr'>duos,</span> <span class='ocrx_word' id='word_1_75' title='bbox 599 765 708 797; x_wconf 81' lang='lat' dir='ltr'>autunum</span> <span class='ocrx_word' id='word_1_76' title='bbox 721 771 833 809; x_wconf 74' lang='lat' dir='ltr'>pauperem</span> <span class='ocrx_word' id='word_1_77' title='bbox 847 772 880 808; x_wconf 87' lang='lat' dir='ltr'>pa-</span> 
     </span>
     <span class='ocr_line' id='line_1_10' title="bbox 103 819 803 871; baseline -0.001 -12"><span class='ocrx_word' id='word_1_78' title='bbox 103 829 156 867; x_wconf 85' lang='lat' dir='ltr'>scat,</span> <span class='ocrx_word' id='word_1_79' title='bbox 168 823 186 860; x_wconf 86' lang='lat' dir='ltr'>si</span> <span class='ocrx_word' id='word_1_80' title='bbox 197 829 278 871; x_wconf 84' lang='lat' dir='ltr'>potest;</span> <span class='ocrx_word' id='word_1_81' title='bbox 291 822 309 859; x_wconf 90' lang='lat' dir='ltr'>si</span> <span class='ocrx_word' id='word_1_82' title='bbox 321 833 360 859; x_wconf 79' lang='lat' dir='ltr'>iton</span> <span class='ocrx_word' id='word_1_83' title='bbox 373 826 451 870; x_wconf 84' lang='lat' dir='ltr'>potest,</span> <span class='ocrx_word' id='word_1_84' title='bbox 463 819 612 869; x_wconf 81' lang='lat' dir='ltr'>poenitentiam</span> <span class='ocrx_word' id='word_1_85' title='bbox 624 820 689 858; x_wconf 83' lang='lat' dir='ltr'>aliter</span> <span class='ocrx_word' id='word_1_86' title='bbox 701 821 803 870; x_wconf 87' lang='lat' dir='ltr'>suppleat.</span> 
     </span>
    </p>
   </div>
   <div class='ocr_carea' id='block_1_2' title="bbox 320 940 646 1010">
    <p class='ocr_par' dir='ltr' id='par_1_3' title="bbox 320 940 646 1010">
     <span class='ocr_line' id='line_1_11' title="bbox 320 940 646 1010; baseline 0.003 -18"><span class='ocrx_word' id='word_1_87' title='bbox 320 940 578 1010; x_wconf 75' lang='lat' dir='ltr'>Praeceptum</span> <span class='ocrx_word' id='word_1_88' title='bbox 610 940 646 993; x_wconf 85' lang='lat' dir='ltr'>lll.</span> 
     </span>
    </p>
   </div>
   <div class='ocr_carea' id='block_1_3' title="bbox 204 1063 753 1129">
    <p class='ocr_par' dir='ltr' id='par_1_4' title="bbox 204 1063 753 1129">
     <span class='ocr_line' id='line_1_12' title="bbox 204 1063 753 1129; baseline 0 -16"><span class='ocrx_word' id='word_1_89' title='bbox 204 1064 338 1125; x_wconf 81' lang='lat' dir='ltr'>Memento,</span> <span class='ocrx_word' id='word_1_90' title='bbox 358 1073 386 1112; x_wconf 78' lang='lat' dir='ltr'>ct</span> <span class='ocrx_word' id='word_1_91' title='bbox 405 1064 470 1113; x_wconf 79' lang='lat' dir='ltr'>diem</span> <span class='ocrx_word' id='word_1_92' title='bbox 489 1064 590 1113; x_wconf 56' lang='lat' dir='ltr'>sabbeta?</span> <span class='ocrx_word' id='word_1_93' title='bbox 608 1063 753 1129; x_wconf 73' lang='lat' dir='ltr'>sccctefioes.</span> 
     </span>
    </p>
   </div>
   <div class='ocr_carea' id='block_1_4' title="bbox 74 1187 884 1541">
    <p class='ocr_par' dir='ltr' id='par_1_5' title="bbox 74 1187 883 1299">
     <span class='ocr_line' id='line_1_13' title="bbox 74 1187 883 1238; baseline 0.001 -14"><span class='ocrx_word' id='word_1_94' title='bbox 74 1187 114 1235; x_wconf 79' lang='lat' dir='ltr'>Qui</span> <span class='ocrx_word' id='word_1_95' title='bbox 126 1199 177 1237; x_wconf 88' lang='lat' dir='ltr'>opus</span> <span class='ocrx_word' id='word_1_96' title='bbox 190 1188 271 1237; x_wconf 81' lang='lat' dir='ltr'>aliquod</span> <span class='ocrx_word' id='word_1_97' title='bbox 283 1188 361 1225; x_wconf 85' lang='lat' dir='ltr'>servile</span> <span class='ocrx_word' id='word_1_98' title='bbox 374 1188 405 1225; x_wconf 91' lang='lat' dir='ltr'>die</span> <span class='ocrx_word' id='word_1_99' title='bbox 418 1188 530 1232; x_wconf 86' lang='lat' dir='ltr'>dominico,</span> <span class='ocrx_word' id='word_1_100' title='bbox 548 1189 581 1225; x_wconf 92' lang='lat' dir='ltr'>vel</span> <span class='ocrx_word' id='word_1_101' title='bbox 594 1188 649 1226; x_wconf 85' lang='lat' dir='ltr'>festo</span> <span class='ocrx_word' id='word_1_102' title='bbox 662 1189 793 1232; x_wconf 87' lang='lat' dir='ltr'>exercuerit,</span> <span class='ocrx_word' id='word_1_103' title='bbox 813 1188 883 1238; x_wconf 88' lang='lat' dir='ltr'>poeni-</span> 
     </span>
     <span class='ocr_line' id='line_1_14' title="bbox 104 1249 565 1299; baseline 0.004 -15"><span class='ocrx_word' id='word_1_104' title='bbox 104 1249 190 1286; x_wconf 86' lang='lat' dir='ltr'>tentiam</span> <span class='ocrx_word' id='word_1_105' title='bbox 203 1254 253 1299; x_wconf 82' lang='lat' dir='ltr'>aget</span> <span class='ocrx_word' id='word_1_106' title='bbox 265 1255 309 1286; x_wconf 93' lang='lat' dir='ltr'>tres</span> <span class='ocrx_word' id='word_1_107' title='bbox 322 1249 365 1286; x_wconf 88' lang='lat' dir='ltr'>dies</span> <span class='ocrx_word' id='word_1_108' title='bbox 377 1249 461 1298; x_wconf 90' lang='lat' dir='ltr'>inpane</span> <span class='ocrx_word' id='word_1_109' title='bbox 474 1256 495 1286; x_wconf 88' lang='lat' dir='ltr'>et</span> <span class='ocrx_word' id='word_1_110' title='bbox 507 1261 565 1299; x_wconf 86' lang='lat' dir='ltr'>aqua.</span> 
     </span>
    </p>

    <p class='ocr_par' dir='ltr' id='par_1_6' title="bbox 74 1308 884 1420">
     <span class='ocr_line' id='line_1_15' title="bbox 74 1308 884 1359; baseline 0.001 -13"><span class='ocrx_word' id='word_1_111' title='bbox 74 1308 154 1359; x_wconf 87' lang='lat' dir='ltr'>Siquis</span> <span class='ocrx_word' id='word_1_112' title='bbox 166 1309 187 1346; x_wconf 89' lang='lat' dir='ltr'>in</span> <span class='ocrx_word' id='word_1_113' title='bbox 200 1309 290 1347; x_wconf 88' lang='lat' dir='ltr'>ecclesia</span> <span class='ocrx_word' id='word_1_114' title='bbox 306 1309 465 1354; x_wconf 87' lang='lat' dir='ltr'>confabulatur,</span> <span class='ocrx_word' id='word_1_115' title='bbox 485 1322 531 1348; x_wconf 84' lang='lat' dir='ltr'>cunr</span> <span class='ocrx_word' id='word_1_116' title='bbox 543 1310 612 1348; x_wconf 87' lang='lat' dir='ltr'>divina</span> <span class='ocrx_word' id='word_1_117' title='bbox 629 1310 694 1355; x_wconf 86' lang='lat' dir='ltr'>fiunt,</span> <span class='ocrx_word' id='word_1_118' title='bbox 713 1311 823 1359; x_wconf 88' lang='lat' dir='ltr'>poenitens</span> <span class='ocrx_word' id='word_1_119' title='bbox 843 1311 884 1348; x_wconf 86' lang='lat' dir='ltr'>erit</span> 
     </span>
     <span class='ocr_line' id='line_1_16' title="bbox 105 1370 434 1420; baseline 0.003 -13"><span class='ocrx_word' id='word_1_120' title='bbox 105 1370 149 1408; x_wconf 86' lang='lat' dir='ltr'>dies</span> <span class='ocrx_word' id='word_1_121' title='bbox 162 1370 233 1408; x_wconf 88' lang='lat' dir='ltr'>decem</span> <span class='ocrx_word' id='word_1_122' title='bbox 245 1370 330 1419; x_wconf 88' lang='lat' dir='ltr'>inpane</span> <span class='ocrx_word' id='word_1_123' title='bbox 343 1376 364 1408; x_wconf 92' lang='lat' dir='ltr'>et</span> <span class='ocrx_word' id='word_1_124' title='bbox 375 1383 434 1420; x_wconf 88' lang='lat' dir='ltr'>aqua.</span> 
     </span>
    </p>

    <p class='ocr_par' dir='ltr' id='par_1_7' title="bbox 74 1429 884 1541">
     <span class='ocr_line' id='line_1_17' title="bbox 74 1429 884 1484; baseline 0.002 -16"><span class='ocrx_word' id='word_1_125' title='bbox 74 1429 113 1478; x_wconf 78' lang='lat' dir='ltr'>Qui</span> <span class='ocrx_word' id='word_1_126' title='bbox 124 1431 143 1468; x_wconf 93' lang='lat' dir='ltr'>in</span> <span class='ocrx_word' id='word_1_127' title='bbox 157 1431 317 1482; x_wconf 82' lang='lat' dir='ltr'>quadragesima</span> <span class='ocrx_word' id='word_1_128' title='bbox 325 1431 427 1480; x_wconf 84' lang='lat' dir='ltr'>jejunium</span> <span class='ocrx_word' id='word_1_129' title='bbox 439 1432 558 1476; x_wconf 79' lang='lat' dir='ltr'>niclaverit,</span> <span class='ocrx_word' id='word_1_130' title='bbox 570 1444 607 1482; x_wconf 91' lang='lat' dir='ltr'>pro</span> <span class='ocrx_word' id='word_1_131' title='bbox 619 1438 659 1470; x_wconf 80' lang='lat' dir='ltr'>rino</span> <span class='ocrx_word' id='word_1_132' title='bbox 672 1433 821 1481; x_wconf 88' lang='lat' dir='ltr'>poenitentiam</span> <span class='ocrx_word' id='word_1_133' title='bbox 835 1440 884 1484; x_wconf 78' lang='lat' dir='ltr'>aget</span> 
     </span>
     <span class='ocr_line' id='line_1_18' title="bbox 105 1492 248 1541; baseline 0 -12"><span class='ocrx_word' id='word_1_134' title='bbox 105 1492 148 1529; x_wconf 89' lang='lat' dir='ltr'>dies</span> <span class='ocrx_word' id='word_1_135' title='bbox 161 1498 248 1541; x_wconf 88' lang='lat' dir='ltr'>septem.</span> 
     </span>
    </p>
   </div>
   <div class='ocr_carea' id='block_1_5' title="bbox 196 1610 765 1798">
    <p class='ocr_par' dir='ltr' id='par_1_8' title="bbox 196 1610 765 1798">
     <span class='ocr_line' id='line_1_19' title="bbox 320 1610 642 1679; baseline -0.003 -18"><span class='ocrx_word' id='word_1_136' title='bbox 320 1610 575 1679; x_wconf 81' lang='lat' dir='ltr'>Praeceptum</span> <span class='ocrx_word' id='word_1_137' title='bbox 609 1611 642 1662; x_wconf 85' lang='lat' dir='ltr'>lll.</span> 
     </span>
     <span class='ocr_line' id='line_1_20' title="bbox 196 1733 765 1798; baseline 0 -16"><span class='ocrx_word' id='word_1_138' title='bbox 196 1733 301 1782; x_wconf 80' lang='lat' dir='ltr'>Honore</span> <span class='ocrx_word' id='word_1_139' title='bbox 315 1741 418 1798; x_wconf 75' lang='lat' dir='ltr'>putrere</span> <span class='ocrx_word' id='word_1_140' title='bbox 438 1742 506 1782; x_wconf 80' lang='lat' dir='ltr'>tcum</span> <span class='ocrx_word' id='word_1_141' title='bbox 526 1742 549 1782; x_wconf 81' lang='lat' dir='ltr'>et</span> <span class='ocrx_word' id='word_1_142' title='bbox 566 1742 670 1783; x_wconf 68' lang='lat' dir='ltr'>iacerem</span> <span class='ocrx_word' id='word_1_143' title='bbox 690 1742 765 1783; x_wconf 80' lang='lat' dir='ltr'>tuctu.</span> 
     </span>
    </p>
   </div>
   <div class='ocr_carea' id='block_1_6' title="bbox 75 1854 886 2197">
    <p class='ocr_par' dir='ltr' id='par_1_9' title="bbox 75 1854 886 1966">
     <span class='ocr_line' id='line_1_21' title="bbox 75 1854 886 1907; baseline 0 -14"><span class='ocrx_word' id='word_1_144' title='bbox 75 1854 114 1903; x_wconf 73' lang='lat' dir='ltr'>Qui</span> <span class='ocrx_word' id='word_1_145' title='bbox 125 1856 247 1904; x_wconf 87' lang='lat' dir='ltr'>parentibus</span> <span class='ocrx_word' id='word_1_146' title='bbox 260 1856 398 1900; x_wconf 81' lang='lat' dir='ltr'>maledixerit,</span> <span class='ocrx_word' id='word_1_147' title='bbox 417 1857 558 1907; x_wconf 79' lang='lat' dir='ltr'>quadraginta</span> <span class='ocrx_word' id='word_1_148' title='bbox 569 1856 614 1894; x_wconf 89' lang='lat' dir='ltr'>dies</span> <span class='ocrx_word' id='word_1_149' title='bbox 629 1858 739 1906; x_wconf 88' lang='lat' dir='ltr'>poenitens</span> <span class='ocrx_word' id='word_1_150' title='bbox 755 1858 781 1894; x_wconf 87' lang='lat' dir='ltr'>sil</span> <span class='ocrx_word' id='word_1_151' title='bbox 797 1858 817 1894; x_wconf 94' lang='lat' dir='ltr'>in</span> <span class='ocrx_word' id='word_1_152' title='bbox 833 1870 886 1905; x_wconf 90' lang='lat' dir='ltr'>pane</span> 
     </span>
     <span class='ocr_line' id='line_1_22' title="bbox 106 1922 197 1966; baseline 0.011 -13"><span class='ocrx_word' id='word_1_153' title='bbox 106 1922 127 1953; x_wconf 89' lang='lat' dir='ltr'>et</span> <span class='ocrx_word' id='word_1_154' title='bbox 139 1929 197 1966; x_wconf 86' lang='lat' dir='ltr'>aqna.</span> 
     </span>
    </p>

    <p class='ocr_par' dir='ltr' id='par_1_10' title="bbox 75 1976 574 2026">
     <span class='ocr_line' id='line_1_23' title="bbox 75 1976 574 2026; baseline 0 -11"><span class='ocrx_word' id='word_1_155' title='bbox 75 1976 113 2024; x_wconf 77' lang='lat' dir='ltr'>Qui</span> <span class='ocrx_word' id='word_1_156' title='bbox 126 1984 225 2025; x_wconf 86' lang='lat' dir='ltr'>parentes</span> <span class='ocrx_word' id='word_1_157' title='bbox 237 1977 314 2026; x_wconf 88' lang='lat' dir='ltr'>injuria</span> <span class='ocrx_word' id='word_1_158' title='bbox 326 1978 431 2023; x_wconf 85' lang='lat' dir='ltr'>affecerit,</span> <span class='ocrx_word' id='word_1_159' title='bbox 445 1981 489 2016; x_wconf 77' lang='lat' dir='ltr'>tres</span> <span class='ocrx_word' id='word_1_160' title='bbox 503 1986 574 2016; x_wconf 87' lang='lat' dir='ltr'>annos.</span> 
     </span>
    </p>

    <p class='ocr_par' dir='ltr' id='par_1_11' title="bbox 76 2036 440 2088">
     <span class='ocr_line' id='line_1_24' title="bbox 76 2036 440 2088; baseline 0.003 -13"><span class='ocrx_word' id='word_1_161' title='bbox 76 2036 115 2085; x_wconf 76' lang='lat' dir='ltr'>Qui</span> <span class='ocrx_word' id='word_1_162' title='bbox 126 2039 264 2086; x_wconf 89' lang='lat' dir='ltr'>percusserit,</span> <span class='ocrx_word' id='word_1_163' title='bbox 277 2051 341 2076; x_wconf 88' lang='lat' dir='ltr'>annos</span> <span class='ocrx_word' id='word_1_164' title='bbox 354 2046 440 2088; x_wconf 85' lang='lat' dir='ltr'>septem.</span> 
     </span>
    </p>

    <p class='ocr_par' dir='ltr' id='par_1_12' title="bbox 76 2097 886 2197">
     <span class='ocr_line' id='line_1_25' title="bbox 76 2097 886 2150; baseline 0 -14"><span class='ocrx_word' id='word_1_165' title='bbox 76 2097 114 2146; x_wconf 78' lang='lat' dir='ltr'>Qui</span> <span class='ocrx_word' id='word_1_166' title='bbox 133 2099 230 2148; x_wconf 87' lang='lat' dir='ltr'>ejecerit,</span> <span class='ocrx_word' id='word_1_167' title='bbox 250 2100 326 2137; x_wconf 89' lang='lat' dir='ltr'>tamdiu</span> <span class='ocrx_word' id='word_1_168' title='bbox 346 2100 463 2149; x_wconf 90' lang='lat' dir='ltr'>poeniteat,</span> <span class='ocrx_word' id='word_1_169' title='bbox 483 2100 579 2150; x_wconf 88' lang='lat' dir='ltr'>quamdin</span> <span class='ocrx_word' id='word_1_170' title='bbox 594 2100 614 2137; x_wconf 91' lang='lat' dir='ltr'>in</span> <span class='ocrx_word' id='word_1_171' title='bbox 634 2099 672 2138; x_wconf 87' lang='lat' dir='ltr'>bac</span> <span class='ocrx_word' id='word_1_172' title='bbox 691 2101 798 2150; x_wconf 84' lang='lat' dir='ltr'>impietate</span> <span class='ocrx_word' id='word_1_173' title='bbox 815 2113 886 2149; x_wconf 89' lang='lat' dir='ltr'>perse-</span> 
     </span>
     <span class='ocr_line' id='line_1_26' title="bbox 105 2159 220 2197; baseline 0.009 -1"><span class='ocrx_word' id='word_1_174' title='bbox 105 2159 220 2197; x_wconf 84' lang='lat' dir='ltr'>veraverit.</span> 
     </span>
    </p>
   </div>
   <div class='ocr_carea' id='block_1_7' title="bbox 322 2279 636 2456">
    <p class='ocr_par' dir='ltr' id='par_1_13' title="bbox 322 2279 636 2456">
     <span class='ocr_line' id='line_1_27' title="bbox 322 2279 636 2349; baseline -0.003 -18"><span class='ocrx_word' id='word_1_175' title='bbox 322 2279 580 2349; x_wconf 82' lang='lat' dir='ltr'>Praeceptum</span> <span class='ocrx_word' id='word_1_176' title='bbox 612 2279 636 2331; x_wconf 87' lang='lat' dir='ltr'>ll.</span> 
     </span>
     <span class='ocr_line' id='line_1_28' title="bbox 392 2401 573 2456; baseline 0 -4"><span class='ocrx_word' id='word_1_177' title='bbox 392 2403 451 2453; x_wconf 79' lang='lat' dir='ltr'>Non</span> <span class='ocrx_word' id='word_1_178' title='bbox 470 2401 573 2456; x_wconf 80' lang='lat' dir='ltr'>occides.</span> 
     </span>
    </p>
   </div>
   <div class='ocr_carea' id='block_1_8' title="bbox 76 2528 890 3009">
    <p class='ocr_par' dir='ltr' id='par_1_14' title="bbox 76 2528 890 2755">
     <span class='ocr_line' id='line_1_29' title="bbox 76 2528 888 2582; baseline -0.005 -12"><span class='ocrx_word' id='word_1_179' title='bbox 76 2530 157 2582; x_wconf 84' lang='lat' dir='ltr'>Siquis</span> <span class='ocrx_word' id='word_1_180' title='bbox 169 2537 251 2582; x_wconf 85' lang='lat' dir='ltr'>patrem</span> <span class='ocrx_word' id='word_1_181' title='bbox 270 2537 305 2568; x_wconf 88' lang='lat' dir='ltr'>aut</span> <span class='ocrx_word' id='word_1_182' title='bbox 323 2536 422 2576; x_wconf 77' lang='lat' dir='ltr'>matrem,</span> <span class='ocrx_word' id='word_1_183' title='bbox 442 2530 531 2568; x_wconf 85' lang='lat' dir='ltr'>fratrem</span> <span class='ocrx_word' id='word_1_184' title='bbox 548 2535 583 2567; x_wconf 90' lang='lat' dir='ltr'>aut</span> <span class='ocrx_word' id='word_1_185' title='bbox 599 2535 694 2567; x_wconf 74' lang='lat' dir='ltr'>sororem</span> <span class='ocrx_word' id='word_1_186' title='bbox 711 2528 824 2574; x_wconf 85' lang='lat' dir='ltr'>occiderit,</span> <span class='ocrx_word' id='word_1_187' title='bbox 844 2535 888 2567; x_wconf 83' lang='lat' dir='ltr'>tcto</span> 
     </span>
     <span class='ocr_line' id='line_1_30' title="bbox 107 2590 889 2643; baseline -0.001 -14"><span class='ocrx_word' id='word_1_188' title='bbox 107 2593 164 2632; x_wconf 86' lang='lat' dir='ltr'>vitae</span> <span class='ocrx_word' id='word_1_189' title='bbox 179 2606 229 2632; x_wconf 88' lang='lat' dir='ltr'>suae</span> <span class='ocrx_word' id='word_1_190' title='bbox 244 2599 337 2643; x_wconf 88' lang='lat' dir='ltr'>tempore</span> <span class='ocrx_word' id='word_1_191' title='bbox 353 2605 392 2630; x_wconf 92' lang='lat' dir='ltr'>non</span> <span class='ocrx_word' id='word_1_192' title='bbox 411 2592 513 2641; x_wconf 85' lang='lat' dir='ltr'>suscipiat</span> <span class='ocrx_word' id='word_1_193' title='bbox 530 2603 605 2642; x_wconf 88' lang='lat' dir='ltr'>corpus</span> <span class='ocrx_word' id='word_1_194' title='bbox 623 2591 715 2636; x_wconf 86' lang='lat' dir='ltr'>Domini,</span> <span class='ocrx_word' id='word_1_195' title='bbox 727 2591 768 2628; x_wconf 91' lang='lat' dir='ltr'>nisi</span> <span class='ocrx_word' id='word_1_196' title='bbox 783 2591 804 2628; x_wconf 89' lang='lat' dir='ltr'>in</span> <span class='ocrx_word' id='word_1_197' title='bbox 821 2590 889 2628; x_wconf 85' lang='lat' dir='ltr'>obitu:</span> 
     </span>
     <span class='ocr_line' id='line_1_31' title="bbox 108 2652 890 2703; baseline 0 -13"><span class='ocrx_word' id='word_1_198' title='bbox 108 2654 212 2693; x_wconf 88' lang='lat' dir='ltr'>abstineat</span> <span class='ocrx_word' id='word_1_199' title='bbox 224 2668 235 2692; x_wconf 87' lang='lat' dir='ltr'>a</span> <span class='ocrx_word' id='word_1_200' title='bbox 248 2667 310 2694; x_wconf 90' lang='lat' dir='ltr'>carne</span> <span class='ocrx_word' id='word_1_201' title='bbox 324 2655 411 2698; x_wconf 76' lang='lat' dir='ltr'>atrine,</span> <span class='ocrx_word' id='word_1_202' title='bbox 423 2654 470 2692; x_wconf 83' lang='lat' dir='ltr'>dnm</span> <span class='ocrx_word' id='word_1_203' title='bbox 477 2654 566 2692; x_wconf 87' lang='lat' dir='ltr'>vixerit:</span> <span class='ocrx_word' id='word_1_204' title='bbox 575 2652 657 2702; x_wconf 86' lang='lat' dir='ltr'>jejunet</span> <span class='ocrx_word' id='word_1_205' title='bbox 665 2653 764 2698; x_wconf 87' lang='lat' dir='ltr'>secunda,</span> <span class='ocrx_word' id='word_1_206' title='bbox 777 2659 798 2690; x_wconf 91' lang='lat' dir='ltr'>et</span> <span class='ocrx_word' id='word_1_207' title='bbox 806 2659 890 2703; x_wconf 85' lang='lat' dir='ltr'>quarta,</span> 
     </span>
     <span class='ocr_line' id='line_1_32' title="bbox 108 2717 411 2755; baseline 0.017 -5"><span class='ocrx_word' id='word_1_208' title='bbox 108 2720 129 2750; x_wconf 85' lang='lat' dir='ltr'>et</span> <span class='ocrx_word' id='word_1_209' title='bbox 140 2724 201 2754; x_wconf 84' lang='lat' dir='ltr'>sexta</span> <span class='ocrx_word' id='word_1_210' title='bbox 213 2717 273 2755; x_wconf 85' lang='lat' dir='ltr'>feria.</span> <span class='ocrx_word' id='word_1_211' title='bbox 406 2719 411 2722; x_wconf 78' lang='grc'><em>’</em></span> 
     </span>
    </p>

    <p class='ocr_par' dir='ltr' id='par_1_15' title="bbox 77 2772 887 2889">
     <span class='ocr_line' id='line_1_33' title="bbox 77 2772 887 2827; baseline 0 -16"><span class='ocrx_word' id='word_1_212' title='bbox 77 2772 102 2811; x_wconf 90' lang='lat' dir='ltr'>Si</span> <span class='ocrx_word' id='word_1_213' title='bbox 113 2775 157 2823; x_wconf 93' lang='lat' dir='ltr'>quis</span> <span class='ocrx_word' id='word_1_214' title='bbox 169 2776 301 2816; x_wconf 88' lang='lat' dir='ltr'>homicidium</span> <span class='ocrx_word' id='word_1_215' title='bbox 314 2782 388 2827; x_wconf 90' lang='lat' dir='ltr'>sponte</span> <span class='ocrx_word' id='word_1_216' title='bbox 401 2776 544 2821; x_wconf 86' lang='lat' dir='ltr'>commiserit,</span> <span class='ocrx_word' id='word_1_217' title='bbox 563 2776 630 2827; x_wconf 87' lang='lat' dir='ltr'>primo</span> <span class='ocrx_word' id='word_1_218' title='bbox 645 2776 727 2826; x_wconf 91' lang='lat' dir='ltr'>jejunet</span> <span class='ocrx_word' id='word_1_219' title='bbox 747 2776 887 2826; x_wconf 78' lang='lat' dir='ltr'>quadraginta</span> 
     </span>
     <span class='ocr_line' id='line_1_34' title="bbox 108 2834 837 2889; baseline 0.001 -17"><span class='ocrx_word' id='word_1_220' title='bbox 108 2834 151 2872; x_wconf 91' lang='lat' dir='ltr'>dies</span> <span class='ocrx_word' id='word_1_221' title='bbox 163 2835 247 2885; x_wconf 90' lang='lat' dir='ltr'>inpane</span> <span class='ocrx_word' id='word_1_222' title='bbox 260 2846 281 2877; x_wconf 82' lang='lat' dir='ltr'>et</span> <span class='ocrx_word' id='word_1_223' title='bbox 293 2851 352 2889; x_wconf 85' lang='lat' dir='ltr'>aqua,</span> <span class='ocrx_word' id='word_1_224' title='bbox 365 2839 438 2877; x_wconf 89' lang='lat' dir='ltr'>deinde</span> <span class='ocrx_word' id='word_1_225' title='bbox 450 2837 602 2888; x_wconf 87' lang='lat' dir='ltr'>poenitentiam</span> <span class='ocrx_word' id='word_1_226' title='bbox 615 2845 665 2889; x_wconf 79' lang='lat' dir='ltr'>agat</span> <span class='ocrx_word' id='word_1_227' title='bbox 678 2838 737 2876; x_wconf 90' lang='lat' dir='ltr'>annis</span> <span class='ocrx_word' id='word_1_228' title='bbox 750 2843 837 2887; x_wconf 86' lang='lat' dir='ltr'>septem.</span> 
     </span>
    </p>

    <p class='ocr_par' dir='ltr' id='par_1_16' title="bbox 78 2896 888 3009">
     <span class='ocr_line' id='line_1_35' title="bbox 78 2896 888 2950; baseline -0.002 -15"><span class='ocrx_word' id='word_1_229' title='bbox 78 2896 101 2935; x_wconf 91' lang='lat' dir='ltr'>Si</span> <span class='ocrx_word' id='word_1_230' title='bbox 113 2896 158 2946; x_wconf 90' lang='lat' dir='ltr'>quis</span> <span class='ocrx_word' id='word_1_231' title='bbox 169 2901 206 2945; x_wconf 87' lang='lat' dir='ltr'>per</span> <span class='ocrx_word' id='word_1_232' title='bbox 217 2898 271 2937; x_wconf 83' lang='lat' dir='ltr'>iram</span> <span class='ocrx_word' id='word_1_233' title='bbox 284 2900 381 2945; x_wconf 83' lang='lat' dir='ltr'>subitam,</span> <span class='ocrx_word' id='word_1_234' title='bbox 394 2906 430 2938; x_wconf 85' lang='lat' dir='ltr'>aut</span> <span class='ocrx_word' id='word_1_235' title='bbox 441 2904 479 2950; x_wconf 82' lang='lat' dir='ltr'>per</span> <span class='ocrx_word' id='word_1_236' title='bbox 490 2899 559 2937; x_wconf 82' lang='lat' dir='ltr'>rixam</span> <span class='ocrx_word' id='word_1_237' title='bbox 570 2899 675 2937; x_wconf 84' lang='lat' dir='ltr'>bominem</span> <span class='ocrx_word' id='word_1_238' title='bbox 687 2898 805 2942; x_wconf 85' lang='lat' dir='ltr'>necaverit,</span> <span class='ocrx_word' id='word_1_239' title='bbox 817 2896 888 2946; x_wconf 81' lang='lat' dir='ltr'>poeni·</span> 
     </span>
     <span class='ocr_line' id='line_1_36' title="bbox 108 2957 398 3009; baseline 0.007 -12"><span class='ocrx_word' id='word_1_240' title='bbox 108 2957 194 2997; x_wconf 81' lang='lat' dir='ltr'>tentiam</span> <span class='ocrx_word' id='word_1_241' title='bbox 206 2966 256 3009; x_wconf 80' lang='lat' dir='ltr'>agat</span> <span class='ocrx_word' id='word_1_242' title='bbox 268 2972 333 2999; x_wconf 85' lang='lat' dir='ltr'>annos</span> <span class='ocrx_word' id='word_1_243' title='bbox 346 2968 398 3000; x_wconf 87' lang='lat' dir='ltr'>tres.</span> 
     </span>
    </p>
   </div>
   <div class='ocr_carea' id='block_1_9' title="bbox 696 3016 741 3059">
    <p class='ocr_par' dir='ltr' id='par_1_17' title="bbox 696 3016 741 3059">
     <span class='ocr_line' id='line_1_37' title="bbox 696 3016 741 3059; baseline 0.022 -1"><span class='ocrx_word' id='word_1_244' title='bbox 696 3016 741 3059; x_wconf 61' lang='lat'>14*</span> 
     </span>
    </p>
   </div>
   <div class='ocr_carea' id='block_1_10' title="bbox 0 0 1025 3193">
    <p class='ocr_par' dir='ltr' id='par_1_18' title="bbox 0 0 1025 3193">
     <span class='ocr_line' id='line_1_38' title="bbox 0 0 1025 3193; baseline 0 0"><span class='ocrx_word' id='word_1_245' title='bbox 0 0 1025 3193; x_wconf 95' lang='lat' dir='ltr'> </span> 
     </span>
    </p>
   </div>
  </div>
 </body>
</html>
