2056 3193
161 78 175 125 2

165 205 223 245 runt,
237 211 274 237 nec
288 205 354 236 tamen
367 197 477 246 plangunt,
491 209 516 234 ne
526 196 569 245 jam
582 197 687 233 relaxatas
700 197 811 235 aestiment
823 199 904 247 culpaS,
917 207 967 246 quas

165 260 206 298 etsi
218 261 297 311 agendo
309 270 348 296 non
360 257 505 307 multiplicant,
519 257 579 295 nullis
591 262 660 294 tamen
673 257 757 295 fletibus
769 260 875 297 mundant.
896 259 967 308 lleque

165 323 218 359 enim
231 321 327 369 scriptor,
340 318 359 355 si
371 331 382 355 a
394 320 509 368 scriptione
518 318 641 363 cessaverit,
655 319 701 368 quia
710 319 797 357 alienon
807 320 891 366 addidit,
906 320 968 357 etiam

163 382 206 427 illa,
222 394 272 431 quae
288 380 412 428 scripserat,
431 381 519 418 delevit:
541 385 561 415 et
576 379 638 416 simili
653 380 712 417 modo
727 378 765 417 nec
782 381 816 429 qui
832 381 967 418 contumelias

163 443 251 492 irrogat,
263 441 281 477 si
293 441 421 478 solummodo
434 439 530 483 tacuerit,
542 439 656 477 satisfecit:
670 453 715 478 cum
726 441 820 489 profecto
833 453 921 478 necesse
933 442 967 485 sit,

164 509 185 539 ut
201 502 264 538 verba
282 502 412 550 praemissae
429 500 538 549 superbiae
551 501 621 537 verbis
634 501 757 548 subjunctae
769 501 891 538 humilitatis
903 501 968 550 impu·

163 567 224 611 giret:
237 573 275 598 nec
289 562 369 599 debitor
382 562 487 598 absolutus
500 566 539 604 est,
552 560 585 609 qui
597 560 638 597 alia
649 573 689 597 non
701 561 831 609 ruultiplicat‚
843 562 884 599 nisi
895 568 916 598 et
926 562 968 605 illa,

163 633 215 670 quae
226 621 340 672 ligaverat,
353 622 426 658 solvat.
438 621 470 656 lta
482 626 509 665 et,
522 632 568 657 cum
579 621 625 657 Deo
638 620 781 670 delinquimus,
794 634 922 670 nequaquam
935 634 967 658 sa-

163 681 293 726 tisfacimus,
313 683 332 718 si
344 683 368 718 ab
380 680 489 729 iniquitate
501 692 620 725 cessamus,
633 681 674 718 nisi
685 682 804 729 voluptates
817 694 904 731 quoqne,
917 693 969 731 quas

164 742 280 788 dileximus,
294 756 304 780 e
317 741 422 780 contrario
435 741 535 790 appositis
548 742 644 779 lamentis
652 742 798 791 insequenmr”
808 741 833 788 ¹).
845 743 969 780 Lactantius

163 816 214 840 vero
227 804 301 848 onmia,
315 815 365 852 quae
378 803 402 839 ad
413 802 553 851 poenitentiae
562 803 666 840 notionem
674 803 780 852 pertinere
789 803 885 848 diximus,
897 804 969 852 paucis

163 864 193 903 ita
205 864 358 915 complectitur:
372 864 429 903 „Nec
442 869 509 901 tamen
522 863 605 903 deficiat
617 865 698 915 aliquis
712 870 734 902 ut
746 864 769 902 dc
780 876 803 903 se
811 865 855 914 ipso
865 865 969 915 desperet,

165 928 220 965 si—
228 928 252 966 ad
263 926 377 976 injustitiae
385 926 439 964 viam
451 927 521 977 lapsus
534 933 576 973 est,
589 933 658 977 potest
670 927 723 965 enim
735 927 807 965 reduci
819 934 839 965 et
847 927 939 972 liberari,
952 927 970 964 si
1019 926 1021 929 ⁴

166 1003 211 1029 eum
224 989 328 1040 poeniteat
340 995 441 1034 aetorum,
455 996 475 1027 ct
487 989 511 1027 ad
524 990 610 1027 meliora
623 1002 738 1028 eorrversus
750 990 868 1028 satisfaciat
877 990 935 1028 Deo”
943 988 969 1037 ²).

238 1053 305 1101 Atque
324 1051 362 1089 boe
377 1051 436 1102 modo
451 1064 488 1100 per
503 1051 650 1101 poenitentiam
665 1053 710 1089 Deo
727 1051 856 1089 reconciliati
872 1058 920 1090 sunt
934 1051 970 1089 ho-

166 1114 231 1152 mines
241 1111 271 1160 ³),
288 1119 396 1162 antequam
409 1112 506 1150 Christus
520 1119 607 1151 aeterna
617 1113 658 1151 Dei
670 1113 758 1151 consilia
770 1113 794 1150 de
806 1113 911 1151 salvandis
923 1125 970 1162 pec-

166 1175 273 1214 catoribus
286 1175 344 1224 plene
355 1174 493 1223 patefaceret,
507 1180 567 1225 atque
580 1187 626 1212 eum
637 1175 658 1212 in
670 1175 731 1212 finem
742 1174 861 1213 Ecclesiam
874 1187 911 1212 suo
924 1186 970 1212 san·

166 1237 229 1288 guina
241 1236 358 1274 mundatam
369 1235 496 1273 institueret.
515 1237 628 1286 Postquam
640 1249 690 1273 vero
702 1237 721 1273 111
734 1236 758 1273 N.
771 1237 796 1274 Τ.
808 1236 914 1285 Apostolis
928 1235 971 1274 suis

166 1304 291 1347 potestatem
303 1297 387 1335 tradidit
398 1288 518 1335 remittendi
530 1297 674 1347 retinendique
686 1303 780 1346 peccata,
792 1310 818 1334 ex
830 1298 900 1334 divina
911 1296 971 1335 insti·

166 1359 245 1396 tutione
256 1359 277 1396 in
288 1358 418 1396 Poeniteutia
430 1370 480 1395 suas
493 1358 554 1395 etiam
566 1365 637 1408 partes
649 1358 711 1396 habet
722 1357 861 1395 ruinisterium
871 1359 971 1396 ecclesia-

166 1420 248 1464 sticum,
261 1420 291 1457 ita
303 1419 389 1468 quidem,
402 1425 424 1456 ut
435 1420 541 1468 peculiare
554 1419 627 1456 exinde
639 1419 725 1469 prodeat
737 1419 904 1463 Sacramentum,
920 1419 972 1467 quod

167 1492 178 1516 a
195 1480 292 1529 superius
310 1479 416 1528 descripta
434 1482 514 1517 otrtete
526 1479 596 1517 ‹lillert
608 1486 629 1516 ut
641 1486 706 1517 totum
719 1492 730 1516 a
742 1485 808 1529 parte,
822 1486 857 1517 aut
869 1479 929 1516 lromo
941 1479 971 1515 in·

166 1545 228 1590 teger
241 1539 309 1577 anima
321 1545 342 1576 ct
354 1551 442 1588 corpore
454 1545 552 1576 constans
565 1539 635 1576 dill'ert
647 1540 671 1576 ab
685 1540 757 1576 anima.

398 1656 551 1709 Paenitentiae
571 1654 747 1709 Sacramentum.

241 1779 259 1833 ξ.
272 1777 293 1819 2.
311 1782 351 1818 usa
366 1786 434 1818 autem
449 1780 581 1819 Paenitentia
595 1781 648 1819 Novi
659 1780 791 1819 Testamenti
805 1780 973 1826 Sacramentum,

168 1855 180 1881 a
192 1842 275 1881 christo
287 1843 376 1882 Domino
392 1843 519 1889 institutum,
535 1856 574 1895 quo
589 1856 626 1894 per
635 1843 748 1893 juridicam
760 1843 878 1882 sacerdotis
891 1844 972 1882 absolu-

169 1906 252 1952 tionem,
271 1905 348 1944 homini
360 1906 456 1951 contrito,
469 1906 566 1945 confesso
579 1913 600 1944 et
611 1906 736 1945 satisfacere
748 1913 821 1956 parato
832 1912 975 1957 peccatapost

169 1969 293 2019 baptismum
306 1968 417 2006 commissa
428 1969 569 2007 reinittuntur.

243 2032 258 2068 I.
276 2030 354 2068 Divina
365 2030 409 2078 ejus
420 2031 523 2069 institutio
532 2031 662 2082 argmnentis
670 2031 724 2069 omni
732 2031 854 2080 exceptione
862 2030 974 2078 majoribus

170 2092 249 2130 nititur.
272 2093 319 2142 Ipse
336 2093 428 2130 salvator
444 2092 531 2142 optimus
545 2105 570 2130 ex
582 2093 651 2131 divina
662 2105 700 2130 sua
711 2098 814 2142 potestate
826 2088 975 2141 paralytico⁴]‚

170 2154 252 2192 mulieri
263 2154 379 2204 peccatrici
390 2154 410 2191 in
423 2154 507 2193 civitate
514 2152 540 2202 ⁵),
553 2161 574 2192 et
582 2154 659 2193 latroni
666 2155 686 2192 in
696 2167 759 2193 cruce
766 2152 784 2201 ⁶]
793 2160 880 2203 peccata
887 2152 975 2197 remisit,

171 2222 191 2253 et
201 2215 325 2253 Pliarisaeis
338 2215 392 2253 lianc
405 2222 529 2264 potestatem
545 2222 614 2266 utpote
626 2229 684 2254 mere
697 2216 785 2254 divinam
796 2215 839 2265 Ipsi
851 2214 976 2266 negantibus

171 2277 230 2315 dixit:
243 2276 284 2316 „Ut
295 2277 343 2327 quid
355 2277 454 2328 cogitatis
466 2278 551 2316 malain
564 2278 661 2316 cordibus
673 2278 766 2315 vestris?
779 2276 831 2325 Quid
843 2283 876 2314 est
887 2276 976 2320 facilius,

172 2338 250 2376 dicere:
262 2339 401 2376 Dimittuntur
409 2338 540 2387 tibipeccata
547 2345 590 2388 tua5
608 2352 633 2377 au
641 2339 720 2377 dicere:
730 2338 808 2389 Surge,
817 2345 837 2375 et
846 2337 939 2375 ambulat
951 2336 978 2374 Ut

173 2405 240 2436 autem
255 2400 338 2445 sciatis,
358 2400 405 2450 quia
419 2399 484 2437 Filius
496 2400 584 2438 bourinis
597 2400 660 2438 habet
670 2406 795 2450 potestatem
807 2400 828 2437 in
840 2405 899 2436 terra
911 2397 978 2435 dimit-

174 2460 229 2497 tendi
239 2467 333 2509 peecata,
345 2467 394 2498 tune
407 2461 435 2498 ait
447 2462 572 2509 paralytico:
586 2461 663 2512 Surge,
677 2462 725 2498 tolle
737 2462 813 2498 lectum
825 2467 890 2503 tuum,
903 2458 979 2495 etvade

173 2520 193 2556 in
206 2520 285 2558 domum
297 2528 359 2559 tuam.
372 2523 399 2559 Et
411 2521 512 2566 surrexit,
525 2529 545 2560 et
557 2522 607 2559 abiit
617 2519 840 2567 111(1111111111151111111”7]Ι
853 2520 979 2568 ltaquelpse

173 2586 296 2628 potestatem
313 2583 433 2619 remittendi
450 2588 538 2631 peccata
553 2584 653 2620 exercuit.
677 2583 737 2619 Hauc
752 2594 802 2619 vero
820 2580 905 2617 eandem
921 2591 979 2616 suam

173 2645 297 2688 potestatem
312 2642 367 2678 dedit
382 2649 402 2679 et
416 2642 533 2690 Apostolis,
553 2655 598 2679 cum
615 2656 626 2679 a
641 2642 729 2679 mortuis
746 2642 850 2679 excitatus
865 2640 980 2676 insufflavit

174 2712 218 2743 eos,
231 2700 311 2736 dicens:
325 2702 400 2739 „Sicut
412 2702 469 2738 misit
480 2714 512 2738 mc
522 2702 595 2746 Pater,
609 2708 629 2739 et
642 2714 681 2752 ego
693 2701 752 2738 mitto
760 2714 804 2739 vos
814 2699 980 2749 ——Accipite

199 2798 214 2838 ¹)
223 2794 276 2830 Libr.
285 2796 339 2829 Past.
349 2796 408 2830 P.llI.
417 2797 512 2830 Admonit.
520 2799 578 2830 31.-
585 2799 600 2837 2)
608 2797 693 2830 Institut,
702 2796 777 2831 Lim-‚a
786 2796 981 2836 —³)Ezeclr.XVIIl.

223 2847 253 2887 21,
263 2845 287 2878 11.
293 2845 341 2888 neg.
347 2846 389 2878 xli.
399 2847 426 2879 13.
434 2847 462 2880 tl.
470 2865 494 2870 -
501 2848 518 2888 4)
525 2846 661 2881 1111111111.-
670 2844 684 2891 ⁵)
689 2847 736 2882 Luc.
741 2847 811 2881 VIL-
818 2843 833 2890 ⁶)
841 2846 887 2880 Luc.
892 2845 981 2889 XXXIII,

223 2898 254 2931 ¹43.
263 2914 287 2921 -
295 2898 312 2937 ⁷)
321 2895 391 2929 matth.
399 2896 433 2930 tx.
443 2897 460 2931 ll.
470 2915 494 2921 —
504 2900 521 2931 7.
