2056 3193
130 98 174 142 318

204 214 301 251 Ceterum
320 225 405 251 monere
424 219 518 263 oportet,
541 212 685 252 confessiones
704 218 741 255 suh
761 218 799 255 hac
817 215 937 268 ignorantia

130 276 208 318 faoros,
225 287 265 311 non
283 275 327 312 sine
341 274 390 322 jure
402 275 527 323 repetendas
545 288 606 321 esse,
624 287 670 317 cum
688 289 713 314 ex
731 279 802 317 cadem
818 278 938 329 ignorantia

130 336 238 385 poenitens
251 343 285 373 ant
296 337 385 386 incapax
397 336 533 373 absolutionis
547 337 620 380 fuerit,
638 343 673 374 ant
686 350 710 374 ea
721 339 828 390 indignus,
845 347 865 377 ct
878 341 938 377 abso-

129 397 227 434 lationem
246 398 421 435 sacramentalem
439 398 458 434 in
478 404 534 436 statu
553 399 611 454 hujus
630 398 764 449 ignorantiae
783 414 806 438 re
824 402 870 452 ipsa
885 401 937 452 apud

128 461 195 496 Deum
208 472 246 496 non
260 459 371 510 acceperit.
380 459 446 497 tunde
462 472 499 509 per
516 460 659 499 lnnocentimn
670 462 705 498 Xl.
719 461 825 501 rlrtrienelc
841 464 879 502 fuit
890 477 937 514 pro·

129 521 215 571 positio:
229 521 384 560 „absolutionis
393 534 459 572 capax
468 529 500 560 est
508 523 575 567 homo,
583 523 715 572 quantumvis
728 524 810 561 laboret
818 525 939 576 ignorantia

129 584 279 632 blysteriormn
292 583 349 628 fidei,
369 589 389 620 et
405 584 487 622 etiamsi
501 597 538 633 per
553 585 706 635 negligentiam
719 585 842 634 culpabilem
857 588 938 626 nesciat

129 645 253 693 Mysterinm
275 645 315 682 SS,
335 644 457 690 Trinitatis,
482 652 502 681 et
525 645 678 683 lncarnationis
697 645 782 683 Domini
800 648 868 684 nostri
886 649 938 687 Jcsn

131 706 231 743 otntstift

426 826 504 879 lnotdti
519 831 541 879 et
555 825 643 895 plebeii.

207 950 224 1003 ξ.
243 950 293 990 216.
312 952 413 989 Homines
431 953 504 990 inculti
522 959 541 988 rt
560 952 647 1001 pleheji,
667 949 769 1002 ‹pnatenns
788 954 937 991 conscientiam

132 1026 189 1050 snam
203 1025 241 1050 non
253 1014 337 1065 integre
351 1020 371 1050 et
383 1014 513 1051 sufficienter
526 1020 625 1051 excutere
637 1015 716 1059 valent,
734 1015 779 1051 sine
792 1014 852 1051 dubio
871 1012 895 1062 1)
908 1015 938 1051 in-

132 1074 253 1124 terrogandi
266 1081 320 1111 sunt.
333 1076 424 1111 Examen
437 1075 519 1111 illorum
533 1075 610 1111 institui
623 1081 692 1123 potest
705 1075 762 1113 eirca
774 1082 887 1125 praecepta
898 1075 938 1113 Dei

133 1142 153 1172 et
165 1135 284 1180 Ecclesiae„
298 1147 409 1183 eorumque
422 1136 571 1184 occupationes
584 1143 605 1173 ct
616 1136 749 1181 occasiones,
768 1142 791 1173 ut
803 1136 871 1187 magis
882 1137 939 1174 ride-

132 1196 186 1233 bitur
199 1196 317 1233 convenire.
335 1196 357 1232 ln
370 1196 527 1245 qrracstionihns
541 1197 654 1234 lomnandis
668 1197 709 1234 tria
721 1198 836 1234 ohservare
849 1198 880 1235 fas
893 1203 925 1235 est
933 1212 938 1241 ;
960 1228 963 1232 .

131 1260 153 1303 a]
166 1263 188 1293 ut
201 1257 333 1306 quaestiones
346 1257 444 1306 specifice
461 1258 512 1309 hone
531 1252 675 1308 designentur,
693 1271 718 1295 ne
731 1259 861 1308 frequentius
874 1259 938 1296 inter-

132 1331 209 1369 rogare
223 1319 249 1355 sit
261 1330 359 1362 rreccsso.;
377 1319 401 1365 b]
414 1325 435 1355 nt
455 1325 575 1368 quaeratur,
589 1325 648 1368 prout
661 1319 760 1369 ‹tuiusqne
774 1320 863 1356 etrnditio
883 1320 937 1363 fert:

131 1382 154 1426 c]
167 1386 199 1424 ut,
218 1379 251 1416 ubi
265 1379 377 1429 quaesivit,
397 1381 449 1428 qnod
465 1380 605 1428 quaerendum
621 1392 668 1417 csse
684 1381 765 1430 putarit
783 1380 938 1424 eorrfessarins,

131 1447 217 1491 quaerat
233 1440 325 1490 insuper,
345 1453 369 1478 an
387 1453 426 1478 non
439 1440 505 1479 adhuc
517 1442 598 1491 peccati
612 1441 760 1479 mmseientiam
774 1441 869 1479 habeant.
887 1443 938 1479 ltem

131 1502 155 1539 de
167 1514 254 1539 munero
267 1509 287 1539 rt
295 1503 459 1541 circumstantiis
467 1503 611 1540 sciscitabitur
620 1503 770 1547 ‹utrilessarius
780 1504 937 1552 inexploratum

132 1563 206 1601 halmal
213 1563 333 1601 universum
344 1563 489 1602 characterom
498 1565 595 1601 moralem
606 1570 626 1601 et
634 1564 694 1600 animi
704 1564 860 1613 dispositionem
875 1562 900 1611 ¹).

204 1621 230 1672 ⁵2]
249 1625 356 1674 Expositis
373 1631 395 1661 ut
411 1631 492 1675 oportet
511 1626 613 1674 literatis,
633 1625 725 1674 expedit,
744 1632 767 1662 ut
779 1632 901 1662 moneantur
914 1637 938 1662 ae

130 1686 269 1730 instruantur,
281 1698 319 1723 nec
332 1698 370 1723 non
383 1686 519 1735 disponantur
532 1687 555 1723 ad
569 1686 715 1725 contritiommr
724 1687 882 1736 etpropositum
890 1698 937 1724 sese

130 1747 258 1785 emendandi.
277 1747 347 1795 Quoad
366 1747 464 1796 primum,
484 1748 591 1785 materiam
605 1747 757 1785 exhortationis
777 1754 796 1784 et
815 1748 938 1785 instructio-

130 1810 161 1846 nis
179 1809 266 1858 praebet
276 1809 322 1858 ipsa
333 1808 459 1857 poenitentis
472 1809 583 1846 confessio.
608 1808 631 1846 Si
643 1821 693 1846 rero
709 1822 732 1847 se
745 1815 846 1846 attonsont
858 1809 882 1846 de
895 1808 937 1858 qni-

130 1870 224 1914 busdam,
243 1882 294 1919 qnae
313 1869 332 1906 in
346 1882 368 1907 se
384 1877 471 1919 peccata
484 1882 522 1907 non
535 1876 593 1914 sunt,
613 1876 711 1919 tanquam
729 1870 753 1907 de
765 1870 869 1917 peccatis,
884 1882 903 1906 r.
916 1881 937 1920 g.

130 1932 154 1968 de
166 1932 263 1981 neglecto
275 1931 354 1968 Missae
366 1931 471 1969 sacrificio
490 1944 514 1968 ex
528 1931 588 1979 justa
601 1943 665 1968 causa
680 1931 768 1975 omisso,
787 1930 810 1967 dr
828 1930 937 1968 inimicitia

130 1992 143 2029 i.
163 2004 180 2028 e.
197 1993 232 2028 lite
251 1992 337 2040 quadam
354 1992 443 2029 honesta
461 2004 532 2029 coram
547 1984 617 2039 jndice
640 1998 679 2029 etr.
698 1991 808 2041 quaerendi
829 1998 887 2036 snnt,
913 2003 937 2028 an

126 2053 250 2103 vputaverint
262 2065 309 2090 esse
321 2059 417 2102 peccatam
436 2054 453 2090 si
466 2053 583 2096 adfirment,
599 2053 695 2090 nronendi
707 2059 755 2090 sunt
772 2053 796 2089 de
813 2065 900 2097 errore,
918 2058 938 2088 et

130 2127 169 2164 qna
192 2114 274 2151 ratione
295 2114 354 2151 licita
371 2114 399 2150 sit
417 2115 465 2151 talis
484 2113 548 2157 actio,
572 2113 665 2151 breviter
688 2120 721 2151 ast
743 2119 814 2159 caute,
839 2126 864 2151 ne
889 2125 937 2151 con-

129 2175 230 2214 scientiae
242 2175 360 2212 teneritudo
372 2175 474 2218 laedatm·,
487 2174 629 2223 explicandum
642 2181 681 2212 est.
700 2174 770 2222 Quoad
783 2176 879 2220 alterum,
897 2174 937 2212 sci·

129 2237 179 2274 licet
190 2236 332 2274 conscientiae
345 2235 501 2280 contritionem,
514 2235 592 2273 doloris
604 2236 681 2273 motiva
693 2236 783 2286 seligat,
801 2248 853 2284 quae
866 2247 937 2272 cormn

131 2297 195 2335 aetati
206 2303 227 2334 et
239 2296 351 2335 conditioni
362 2296 492 2345 judicaverit
504 2297 623 2334 convenire.
641 2297 746 2334 durantur
759 2296 860 2343 eiusmodi
871 2295 937 2333 mani-

131 2371 172 2402 mc,
185 2358 203 2395 si
213 2358 255 2395 illis
267 2365 410 2408 proponantur
422 2365 469 2408 apta
481 2357 594 2395 similitudo
606 2370 625 2396 r.
639 2371 659 2409 g.
673 2359 735 2396 ducta
747 2371 759 2394 a
771 2356 812 2393 lilio
824 2356 845 2393 in
857 2363 938 2406 patrem

131 2418 228 2467 optimum
239 2420 323 2464 rebelli,
341 2433 353 2456 a
365 2432 427 2457 servo
440 2419 559 2457 contumaci
571 2424 643 2457 contra
656 2418 770 2461 dominum,
784 2417 808 2454 ab
822 2417 907 2468 ingrato
918 2417 938 2453 in

129 2479 295 2526 benefactorem,
319 2481 343 2517 ab
359 2480 440 2518 homine
455 2480 515 2517 valde
528 2480 629 2522 sollicito,
654 2491 678 2515 ne
691 2478 773 2515 amittat
788 2477 939 2516 haereditatem

129 2541 163 2577 vel
175 2543 296 2589 temporalia
307 2543 370 2586 hona,
383 2542 408 2578 ab
422 2547 504 2578 amante
517 2552 575 2576 sunm
588 2545 668 2587 patrem
682 2545 721 2576 etc.
736 2539 779 2576 (ihu
793 2537 824 2590 ἓξ
838 2539 938 2577 Sectione

129 2601 197 2651 prima
210 2600 283 2640 dehac
296 2603 384 2640 materia
395 2607 521 2640 tractantes.
633 2643 638 2650 l

183 2661 187 2664 ’
204 2658 230 2709 3]
249 2661 333 2709 Quando
352 2663 496 2701 confessarius
510 2662 572 2700 etiam
584 2673 621 2711 per
634 2660 767 2710 quaestiones
779 2667 889 2711 peccatum
902 2661 937 2700 eli-

130 2736 179 2762 cere
191 2735 231 2760 non
244 2724 320 2772 possit,
338 2729 387 2761 tnnc
406 2724 552 2762 attendendum
563 2722 668 2772 inprimiS,
686 2735 733 2760 num
745 2725 811 2761 bonae
824 2723 898 2760 inentis
911 2723 939 2760 sit

129 2792 150 2823 et
162 2797 173 2822 a
184 2797 223 2822 non
236 2785 299 2836 longo
309 2791 400 2832 ternpore
414 2787 531 2829 tiorrfessns,
540 2797 578 2835 quo
591 2785 611 2821 in
625 2796 673 2822 casu
686 2784 783 2834 repetitis
796 2797 821 2821 ex
833 2785 938 2834 prioribus

154 2920 169 2958 ¹)
180 2916 220 2950 cn.
231 2918 251 2951 S.
260 2918 301 2960 Lig.
311 2917 368 2950 Prax.
380 2917 434 2950 Conf.
444 2927 462 2960 p.
472 2918 495 2950 21
507 2936 529 2941 -
538 2919 567 2951 ht.
