2056 3193
130 63 174 107 288

131 189 275 235 augmentum:
288 184 351 233 tepidi
364 180 416 222 enim
429 184 448 221 in
462 177 539 221 virtute
548 177 602 233 pleni
614 185 663 222 sunt
675 179 783 224 timoribus
792 192 812 224 et
820 178 937 223 desideriis.

131 245 232 294 „Pigrum
247 244 321 293 quippe
336 246 406 293 dejicit
420 245 490 288 timor,
506 244 611 301 desideria
623 246 721 283 occidunt
732 248 829 297 pigrmn“
839 244 863 291 ¹),
880 246 936 282 labo-

131 310 178 341 rant
194 305 289 348 multum,
308 311 328 341 et
345 305 456 354 proliciunt
474 317 556 353 parum,
575 310 594 341 et
610 304 704 341 incidunt
721 306 741 342 in
758 307 814 344 illam
830 306 937 344 Jeremiae

130 364 306 401 maledictionem:
323 365 472 411 „blaledictns,
488 365 522 413 qui
535 364 585 402 feeit
597 376 648 412 opus
659 364 743 401 Domini
762 366 905 404 fraudulenter
918 371 938 401 et

130 424 278 474 negligenter“
295 423 321 471 ²).
342 426 364 460 ln
386 425 525 462 alterarero
543 424 586 461 vita
606 423 720 461 terribilem
740 427 873 465 snstmebunt
889 438 937 476 poe-

130 496 183 522 nam
202 484 289 533 „eunus
303 480 372 531 arbor,
390 498 443 537 quae
456 498 495 524 non
508 484 558 524 lacit
574 485 665 524 fructum
681 486 766 532 bonnm,
785 488 901 536 excidetur,
919 493 939 526 et

130 548 224 587 mittetur
235 548 256 587 in
268 545 385 601 ig·ne111“³].
405 549 472 600 „Quia
484 550 565 600 tepidus
581 562 613 595 es,
632 556 653 588 et
664 562 702 589 nee
718 549 820 602 frigidus,
838 566 877 592 nee
889 552 938 592 cali-

131 612 178 656 dus,
196 612 292 662 incipiam
305 618 324 649 te
337 625 435 663 euoluere
447 626 472 650 ex
484 625 520 650 ore
533 609 626 659 meam).
645 613 742 660 „Servus
754 613 823 663 piger,
841 617 875 664 qni
887 614 938 652 fodit

131 674 229 723 talentum
247 674 331 710 Domini
347 675 390 717 sui,
410 674 457 721 [iis,
477 686 529 722 qnae
541 674 599 722 prius
611 673 712 719 habebat]
731 674 843 721 spoliatus,
860 675 938 711 missus

131 733 195 769 estin
207 734 306 769 tenebras
319 734 447 776 exteriores,
466 733 500 769 ubi
520 733 561 769 erit
578 734 640 769 fletus
660 739 680 769 et
698 732 776 769 stridor
795 733 899 770 dentinm“
912 732 937 779 3].

130 792 249 829 Ludorions
265 792 404 830 Granatensis
422 793 475 829 libro
493 793 577 842 saepius
592 792 674 829 laudato
691 788 870 830 consideratibnes
883 805 938 830 com-

131 853 223 896 mendat,
242 853 314 902 quibus
326 865 348 889 se
361 865 444 891 armare
456 859 549 902 oportet,
567 865 613 891 cnm
625 859 690 902 turpe.
703 859 724 891 et
735 853 833 904 ignavum
845 852 884 891 hoc
896 865 938 890 rna-

133 914 174 952 lum
187 913 277 953 animum
288 920 354 954 tentat
369 916 387 963 J.

330 1024 414 1079 Corrtra
432 1029 551 1097 pecccatum
571 1026 743 1095 desperationis.

206 1136 224 1188 ξ.
241 1134 290 1175 195.
310 1137 361 1174 Cum
374 1137 492 1186 desperatio
505 1138 532 1174 sit
544 1137 622 1174 ceteris
634 1137 728 1185 peccatis
740 1137 886 1185 perleulosior,
906 1137 939 1173 de·

131 1196 327 1234 beteonfessarins
348 1202 445 1245 tanquam
457 1197 536 1246 peritus
557 1196 648 1233 medicus
666 1196 782 1244 spiritualis
800 1197 854 1232 omni
872 1196 939 1232 studio

133 1257 214 1300 conari,
231 1256 371 1305 poenitentem
386 1257 409 1298 in
422 1256 589 1306 desperationem
602 1246 682 1305 lapsum
700 1256 720 1292 in
736 1268 794 1305 spem
806 1257 903 1307 erigere,
921 1261 941 1291 et

131 1323 232 1356 tentatum
244 1318 326 1368 elapsu
344 1329 491 1368 praeservare.
510 1317 536 1356 Ut
554 1330 603 1357 vero
621 1317 641 1356 id
660 1330 754 1371 congrue
772 1317 820 1365 fiat,
838 1319 903 1371 primo
921 1317 940 1356 in

133 1381 225 1421 radicem
238 1381 391 1431 desperationis
402 1382 503 1434 inquirat,
521 1389 542 1421 et
553 1389 655 1434 quatenus
667 1383 701 1420 vel
714 1395 739 1420 ex
751 1382 835 1421 luxuria
846 1384 880 1422 vel
895 1395 941 1421 ace-

133 1445 167 1483 dia
182 1445 296 1489 enascitur,
315 1457 353 1482 usu
365 1446 505 1483 remediorum
518 1452 591 1484 contra
603 1444 654 1482 haec
666 1445 726 1489 vitia,
746 1445 795 1481 illud
811 1457 891 1494 quoque
908 1445 941 1481 de-

134 1506 261 1556 sperationis
273 1505 335 1543 iacile
348 1506 436 1544 curabit.
445 1530 475 1535 -—
483 1505 561 1558 Quodsi
573 1519 623 1543 vero
636 1506 704 1543 oritm·
716 1518 742 1542 ex
754 1517 785 1549 eo,
798 1506 850 1555 quod
863 1516 942 1556 graves

134 1573 257 1615 peccatores
270 1565 400 1611 existimant,
419 1579 466 1604 sese
479 1567 592 1603 derelictos
605 1578 652 1602 esse
665 1577 676 1602 a
687 1566 743 1608 Dea,
760 1561 780 1601 et
793 1566 817 1602 ob
830 1565 942 1602 enormita-

134 1632 175 1662 tem
187 1632 208 1661 et
219 1624 370 1661 multitudinem
382 1632 526 1673 peccatorum,
540 1638 564 1661 ac
576 1626 638 1661 etiam
651 1625 675 1661 oh
689 1630 822 1671 praesentem
834 1624 854 1661 in
867 1636 941 1673 pecca-

135 1691 156 1722 ta
167 1685 330 1734 proclivitatem,
349 1691 418 1723 aetum
435 1697 483 1723 esse
500 1685 524 1722 de
542 1696 613 1722 eorum
631 1684 711 1729 salute,
729 1696 766 1734 pro
784 1684 875 1722 remedio
894 1696 941 1734 pro-

135 1746 250 1795 ponendum
268 1750 313 1783 est:

210 1806 235 1858 l)
247 1809 349 1848 Punctum
362 1822 409 1848 esse
422 1809 470 1850 fidei
481 1816 566 1850 nostrae
578 1810 598 1849 in
611 1810 729 1861 Scriptnris
742 1810 810 1850 saeris
825 1817 897 1861 aperte
910 1823 943 1849 re-

135 1873 236 1918 velatum,
248 1873 304 1910 nulla
315 1879 402 1923 peecata
414 1885 462 1911 esse
475 1874 525 1911 adeo
538 1873 630 1910 enormia
642 1885 666 1911 ac
679 1873 807 1923 multiplicia,
821 1873 868 1923 quin
880 1873 943 1910 omni·

135 1940 207 1985 potens
225 1940 245 1972 et
261 1934 472 1973 misericordissimus
489 1936 554 1977 Deus>
563 1935 631 1984 possit
642 1940 663 1971 et
674 1933 725 1970 velit
744 1947 768 1971 ea
780 1934 888 1972 rennttere
901 1935 943 1972 oui·

137 2008 216 2045 eurique
239 1995 345 2043 peccatori
367 2007 405 2044 per
422 1996 513 2045 gratiam
530 1994 571 2031 Dei
586 2006 637 2031 vere
658 1994 786 2043 poenitenti,
810 1994 873 2043 juxta
893 1994 944 2031 illud

136 2054 270 2093 Ezechielis:
289 2054 328 2101 „si
339 2054 414 2103 impius
427 2055 497 2104 egerit
508 2054 655 2102 poenitentiam
668 2082 672 2090 .
686 2082 690 2090 ,
704 2082 708 2090 .
722 2083 725 2090 .
740 2055 829 2091 omnium
846 2055 944 2103 iniqnita-

138 2121 180 2152 tum
193 2115 249 2162 ejus,
267 2125 318 2162 quas
331 2119 430 2161 operatus
443 2120 484 2157 est,
497 2125 537 2150 non
548 2113 691 2150 reeordabor“
703 2112 729 2158 ⁷).

209 2170 235 2221 2)
247 2175 280 2210 Ex
291 2173 365 2210 iisdem
378 2173 446 2211 sacris
458 2173 536 2218 literis,
554 2186 580 2211 ex
592 2173 681 2211 historia
696 2173 843 2212 ecelesiastica
859 2180 879 2211 et
896 2184 944 2223 qno·

137 2235 215 2273 tidiana
226 2234 357 2285 experientia
368 2240 479 2283 constare,
497 2236 564 2274 Deum
576 2235 723 2287 peccatoribus
736 2235 798 2288 longe
811 2235 945 2288 gravissimis
991 2252 993 2260 ·

138 2299 271 2339 concessisse
283 2298 375 2352 gratiam
387 2312 438 2338 rere
450 2298 578 2351 poenitendi,
596 2306 617 2338 et
635 2312 660 2338 ea
679 2299 781 2338 mediante
799 2299 945 2339 remissionem

138 2369 271 2412 peccatorum
284 2375 307 2401 ac
320 2363 409 2401 salntem
422 2369 539 2408 aeternam,
557 2369 580 2401 ut
592 2368 675 2401 constat
692 2362 712 2400 in
724 2362 816 2407 Davide,
835 2362 945 2406 Manasse,

139 2423 252 2469 biatthaeo,
265 2424 373 2468 Zachaeo,
385 2424 603 2474 lilariablagdalena,
615 2425 667 2461 bono
679 2425 779 2467 Latrone,
793 2423 864 2467 Saule,
877 2423 946 2460 Maria

138 2485 275 2534 Aegyptiace,
287 2485 406 2536 Augustino
419 2485 513 2535 aliisque.

179 2540 182 2544 ’
214 2541 239 2593 3]
252 2545 327 2594 Quidni
339 2559 390 2597 ergo
403 2543 518 2596 poenitens,
531 2546 572 2584 etsi
583 2545 710 2597 gravissimo
724 2545 867 2594 multiplicium
879 2545 946 2584 seele-

139 2618 185 2643 rum
198 2606 288 2654 pondere
300 2608 425 2656 depressus,
438 2607 527 2644 animum
540 2607 610 2656 erigat
622 2613 642 2643 et
654 2611 736 2654 speret,
749 2617 772 2641 se
786 2617 864 2655 qnoque
878 2619 888 2643 a
900 2607 946 2643 Deo

139 2665 337 2703 misericordissimo
356 2668 489 2703 obtenturum
504 2667 595 2715 gratiam
607 2677 657 2702 vero
673 2664 791 2712 poenitendi
807 2671 828 2702 et
838 2665 946 2709 remissio·

164 2781 178 2824 ι)
189 2778 378 2815 Proaxvnass-
387 2787 402 2823 2)
412 2784 497 2817 xnmn.
507 2786 533 2817 ro.
543 2801 567 2807 -
576 2786 592 2824 ³)
602 2782 744 2816 statianam.
753 2801 778 2806 -
786 2785 802 2823 ⁴)
814 2784 872 2827 spec.
882 2784 913 2816 tu.
921 2785 943 2817 m

174 2892 176 2896 Ι
188 2830 350 2918 ἓΙΜέΖῑῖΜΧΥ.
359 2832 425 2867 2830.
435 2853 457 2858 -
468 2836 483 2876 t)
493 2834 538 2868 Dur
547 2836 673 2879 peecatorum
680 2843 697 2878 p.
704 2835 807 2869 ero-677.
817 2852 841 2858 -
850 2836 866 2876 ⁷)
877 2833 947 2869 xvnl.
