2017 3193
854 90 897 133 175
924 154 926 156 Ι

87 214 133 246 scet
144 207 197 245 bono
209 205 328 255 hujusmodi
339 205 463 256 poenitentis
478 205 591 257 proposito,
611 204 647 246 sed
666 202 748 252 mediis,
768 199 842 255 quibus
860 213 896 254 po·

87 273 135 307 test,
148 267 302 301 efficacissimis
313 267 334 302 in
345 269 379 302 illo
392 267 576 309 excitabitodium,
590 269 764 309 detestationem,
777 277 896 302 moerorem

88 330 108 367 ct
119 323 273 380 poenitentiam.
287 323 344 369 Haeo
355 325 424 381 prima
436 329 468 365 est
485 335 535 377 pars
551 324 681 364 contritionis
697 325 747 365 licet
762 322 895 377 imperfecta.

87 391 190 428 Declarat
202 397 275 427 saneta
288 392 390 438 Synodns,
402 392 456 428 hanc
469 389 615 426 contritionem
626 403 665 426 non
678 393 744 428 solum
757 403 805 428 esse
824 400 896 427 cessa-

86 449 163 483 tionem
176 459 187 483 a
198 455 284 495 peccato
297 456 317 485 et
329 462 394 486 novae
402 451 458 483 vitae
467 449 603 494 propositum,
615 449 738 483 sedeet‘erz's
746 454 812 484 etiam
820 449 896 483 odanam

88 512 195 551 continere
205 510 229 560 ¹).

159 574 183 615 b]
196 574 237 608 Alii
249 574 340 610 dolorem
351 575 429 609 habent
441 578 462 608 et
473 573 547 619 lugent
558 584 598 607 non
610 579 705 618 peccata,
718 583 769 618 quae
783 575 893 610 commise-

86 635 141 681 rnnt,
154 631 191 674 sed
204 631 324 687 temporalia
337 630 398 679 mala,
411 641 464 685 qnae
476 634 563 684 peccata
576 629 749 674 concomitantnn,
763 634 892 681 etqnaenna-

86 698 120 743 gis
134 699 158 733 ad
170 699 238 734 vivunt
249 711 299 744 prae
312 710 335 734 se
347 699 424 738 ferunt,
438 709 498 743 quam
509 697 550 732 Dei
569 697 677 738 offensam,
696 695 743 731 dum
763 695 893 733 confitentur.

86 749 171 793 Μιιίῑεν
184 765 200 792 e.
214 766 234 810 g.
247 754 360 790 fluentibus
377 755 518 801 lacrymarum
530 754 596 806 imbre
609 754 671 801 genis
685 752 809 793 confitetur,
829 764 852 786 se
864 754 894 787 fu-

85 833 133 857 rore
146 828 227 868 captam
239 828 339 858 sexcenta
349 821 370 857 in
382 819 449 857 virum
462 812 806 874 sunm-congessissemaledicta:
819 810 893 854 sedin-

81 878 158 923 J‘uriae,
171 880 244 926 quibus
257 880 333 912 allecta
344 879 390 919 fuit,
409 879 514 921 lacrymas
527 878 619 912 eliciunt.
642 877 708 922 Vince
725 884 818 912 erratum
834 888 894 912 suum

86 938 182 982 confiteri
193 936 271 992 nequit,
283 936 331 992 quin
342 940 427 991 reputet
444 935 541 986 dedecus,
562 934 614 991 quod
625 934 683 977 illam
701 933 837 977 subsecutum
854 939 893 974 est.

85 1002 177 1049 Pauper
188 1009 278 1037 mentem
290 1003 352 1037 habet
363 1014 402 1037 sua
414 1008 510 1049 egestate
523 1009 652 1048 occupatam,
670 1002 716 1038 dum
730 1014 753 1037 se
766 1001 816 1036 furti
833 1013 894 1037 accu-

86 1064 125 1108 sat,
139 1064 159 1099 et
170 1058 315 1112 temporalium
328 1068 474 1095 aerumnarum
487 1069 562 1094 sensns
575 1058 649 1101 elficit,
662 1064 685 1093 ut
696 1065 783 1106 peecata
795 1069 834 1092 sua
847 1069 894 1093 con-

85 1126 147 1163 fitens
158 1127 179 1162 in
191 1127 296 1172 lacrymas
309 1131 410 1174 erumpat.
423 1125 487 1162 'Pales
501 1124 601 1162 exstitere
614 1124 728 1173 lacrymae,
748 1135 800 1173 quae
820 1134 894 1162 coneo·

41 1206 43 1209 -
85 1185 170 1217 unitatae
182 1189 231 1216 sunt
241 1184 389 1228 poenitentiam
401 1186 471 1224 usam
487 1185 582 1228 plorabat
594 1184 741 1230 primogenita,
754 1195 806 1229 quae
819 1185 895 1218 altrise-

86 1251 132 1294 rat,
145 1241 227 1298 potios,
240 1256 299 1297 quam
312 1242 381 1299 gulam
395 1247 415 1285 et
433 1240 552 1292 sitnoniam,
569 1253 629 1297 quam
649 1240 793 1284 conmiserat:
809 1238 896 1295 ideoque

86 1309 175 1349 veniam,
188 1320 247 1353 quam
260 1310 351 1354 petebat,
364 1320 403 1343 non
416 1309 542 1354 impetrabat
552 1307 578 1352 2).

160 1365 182 1416 c]
194 1363 236 1404 alti
247 1364 367 1403 sensibilem
381 1369 459 1401 tantum
471 1364 548 1403 habent
558 1364 674 1406 tristitiam,
685 1364 802 1411 profectam
821 1375 847 1398 ex
865 1370 895 1397 te-

85 1432 142 1468 neris
154 1432 241 1468 vocibus
255 1431 416 1474 concionatoris,
435 1431 468 1467 vel
485 1429 617 1469 confessarii.
638 1427 703 1477 Quam
720 1428 744 1467 ob
760 1442 804 1468 rem
820 1440 896 1467 sensus

85 1488 202 1535 hujusmodi
214 1490 274 1523 brevi
284 1491 428 1536 praetereunt,
440 1490 480 1522 imo
494 1489 637 1523 confessarius
649 1490 704 1523 idem
716 1490 763 1523 illos
771 1490 896 1529 immutabit,

87 1552 105 1591 si
117 1552 174 1592 vocis
186 1559 257 1591 tonum
268 1548 387 1598 mutaverit,
406 1548 440 1591 vel
451 1547 470 1590 si
481 1547 579 1603 deinceps
596 1546 659 1590 alicui
673 1545 799 1601 poenitentis
815 1544 895 1589 deside·

85 1614 117 1646 rio
129 1614 240 1647 restiterit
258 1615 289 1647 Ab
301 1615 411 1648 Ecclesiae
423 1614 522 1649 Patribus
534 1614 572 1649 bae
584 1615 695 1648 mendaces
708 1620 811 1649 vocantur
827 1614 896 1659 lacry-

86 1681 144 1713 uiae:
163 1669 358 1713 concoenantem.
378 1669 400 1712 S.
412 1669 536 1710 bernardus
549 1669 578 1709 ait
593 1668 631 1708 has
643 1668 733 1724 frigidas
747 1680 795 1706 esse
807 1670 896 1720 pluvias,

87 1737 228 1779 sterilitatem,
240 1749 280 1772 non
292 1738 411 1773 ubertatem
424 1739 545 1774 afferentes

331 1848 557 1912 leraeoontritionis
572 1851 649 1925 signa.

162 1972 180 2033 ξ.
198 1971 247 2021 121.
267 1975 318 2020 dunt
338 1977 464 2020 confessarii
481 1976 592 2033 pluritnunt
609 1975 695 2019 intersit
712 1974 808 2027 rescire,
828 1978 897 2019 utrum

87 2041 213 2085 poenitentis
226 2043 323 2077 contritio
336 2055 388 2078 vera
399 2045 433 2084 sit,
446 2056 528 2086 necne,
541 2044 706 2089 quandoquidem
721 2045 766 2080 sine
783 2056 807 2079 ea
818 2044 897 2090 justifi-

89 2097 177 2142 cationis
189 2098 261 2155 gratia
273 2098 363 2141 obtineri
373 2105 470 2155 nequeat,
483 2099 552 2156 signa,
565 2111 674 2155 quaecum
687 2101 796 2138 moraliter
816 2106 897 2138 centnm

88 2165 181 2207 efficere,
194 2177 273 2212 quaeve
285 2167 374 2209 dubium,
386 2168 420 2203 vel
431 2168 477 2214 plus
490 2180 550 2215 quam
562 2167 645 2204 dubium
657 2168 728 2205 facere
740 2174 834 2215 possunt,
847 2168 895 2204 ube-

87 2222 132 2259 rius
143 2222 250 2273 inquirere
262 2229 351 2272 oportet.
363 2224 445 2259 PrioriS
458 2226 544 2273 generis
557 2227 620 2274 signa
631 2226 677 2267 hoc,
689 2227 815 2272 posterioris
829 2232 897 2260 autem

88 2288 184 2338 sequenti
194 2287 326 2338 paragrapho
339 2287 466 2326 exhibemus.
783 2341 785 2344 r

162 2348 259 2394 Signum,
278 2359 316 2393 quo
331 2349 421 2395 intelligi
441 2350 511 2390 datur,
526 2346 668 2395 poenitentem
682 2362 733 2384 vere
753 2362 801 2386 esse
819 2350 897 2387 contri-

87 2410 136 2458 tum,
150 2406 276 2449 tutissimum
289 2418 339 2448 sane
352 2405 491 2458 constituunt,
509 2408 604 2464 ipsennct
621 2405 782 2447 contestationis
798 2418 867 2463 opere
887 2419 898 2446 a

87 2473 206 2519 poenitente
214 2474 258 2519 jam
271 2480 318 2510 ante
332 2474 485 2510 confessionem
500 2480 606 2522 suscepta,
623 2474 668 2510 sive
684 2486 765 2511 morum
782 2475 898 2512 emendatio

87 2540 151 2582 opere
163 2531 264 2568 exercita.
280 2531 306 2567 V.
320 2543 340 2583 g.
353 2532 372 2567 si
385 2532 429 2578 jam
447 2543 484 2580 per
502 2533 587 2582 longius
605 2538 686 2580 tempus
706 2544 732 2567 ex
749 2535 826 2567 motivo
845 2534 898 2567 satis

87 2607 147 2642 puro,
160 2596 251 2647 adeoque
264 2610 304 2634 non
316 2610 342 2635 ex
354 2610 411 2635 mero
425 2596 543 2637 occasionis
556 2603 577 2636 et
589 2593 711 2636 tentationis
723 2593 813 2643 defectu,
826 2593 859 2636 vel
872 2608 897 2636 ex

88 2653 206 2691 detentione
219 2658 243 2692 oh
256 2669 323 2704 grave
336 2659 417 2704 aliquod
428 2659 543 2705 negotium,
557 2671 595 2704 quo
609 2659 671 2693 atteri
683 2659 764 2706 cuidam
776 2660 808 2695 rei
820 2672 896 2696 vacare

87 2709 194 2767 integrum
205 2716 286 2758 illinon
298 2715 344 2766 fuit,
357 2722 393 2759 aut
403 2715 463 2771 plane
476 2716 500 2759 ob
520 2716 649 2759 coactionem
665 2721 780 2765 externam,
797 2728 808 2756 a
823 2727 897 2771 pecca-

87 2777 115 2811 tis
128 2778 263 2826 abstinuerit:
275 2804 305 2809 -
316 2783 336 2818 si
347 2784 467 2819 contrariae
478 2783 565 2820 virtutis
578 2795 642 2831 opera
654 2783 775 2821 exercuerit
794 2790 814 2820 et
830 2795 897 2820 reme·

91 2859 254 2873 Μ

113 2911 128 2953 1)
138 2911 194 2944 Sess.
205 2913 256 2946 XIV.
268 2925 310 2957 cap.
320 2918 338 2948 b.
348 2935 371 2940 —
381 2918 396 2955 2)
406 2916 456 2949 Heb.
466 2916 509 2949 xlt.
521 2919 550 2949 17.
