2017 3193
876 108 921 152 295

62 253 64 255 >
112 231 177 269 solum
186 224 275 275 concipi,
283 226 366 275 patroni
377 226 456 264 formae
465 225 617 264 conditionatae
625 224 758 264 dissentiunt.
771 224 847 262 Plures
856 223 920 272 ajunt,

110 302 173 343 posse
186 287 267 337 quidem
279 287 432 326 confessarium
447 298 522 323 secure
535 287 594 336 sequi
605 287 678 336 praxin
692 292 712 325 et
723 286 850 324 sententiam
865 297 920 323 com-

110 361 191 391 munem
204 348 312 387 authorum
325 348 472 392 asserentium,
485 347 591 391 sufficere,
604 349 623 385 si
634 349 754 386 solamente
767 345 920 397 apponatur¹];

110 416 208 451 econtra
223 410 258 448 alii
274 411 415 461 praecipiunt,
434 414 457 445 ut
469 419 570 457 expresse
586 408 686 454 addatur,
706 410 753 459 quia
765 410 827 447 etiam
846 408 867 446 iu
880 407 920 446 Sa-

110 478 216 511 eramento
223 472 326 522 Baptismi
333 471 425 510 Ritualia
433 468 508 517 jubent
516 468 613 517 explicite
621 470 669 517 poni
676 470 823 516 conditionem,
830 470 919 520 ideoque

109 533 206 572 securius
217 533 294 579 rideri,
307 533 326 571 si
336 533 391 571 idem
404 531 470 574 etiam
477 529 499 566 in
510 529 549 568 boc
562 528 700 568 Sacrameuto
713 530 755 568 fiat.

389 647 507 702 Sententia
521 648 643 701 contraria.

182 777 199 831 ξ.
212 774 263 818 201.
279 776 328 814 Jam
340 786 390 812 vero
403 780 461 819 sunt,
478 774 511 824 qui
522 774 631 823 praefatae
644 774 761 811 sententiae
773 786 813 812 non
825 775 917 813 subseri·

107 835 202 885 bunt,'et
219 840 308 876 formam
320 835 457 873 absolutionis
476 835 638 874 conditionatam'
651 836 771 884 reprobant.
786 837 920 887 Argumenta

106 901 190 938 illorum
201 900 222 936 in
233 898 323 936 medium
334 896 468 946 proferentes
480 896 564 934 minime
577 896 670 947 gentium
680 908 703 933 eo
712 896 799 934 consilio
815 897 918 942 ducimur,

86 977 94 984 ·
106 968 129 998 ut
142 959 262 1009 auctoritati
273 958 367 996 uirorum
379 957 469 995 seientia
481 963 501 995 et
512 957 590 1006 pictate
601 957 729 1007 insignium,
742 958 777 1007 qui
789 958 916 996 conditiona-

106 1028 149 1058 tam
164 1018 302 1057 absolutionis
320 1018 408 1054 formam
424 1017 543 1061 admittunt,
566 1017 676 1067 quidquam
694 1018 799 1068 derogare
817 1019 917 1063 velimus,

106 1080 143 1117 sed
154 1086 177 1117 ut
188 1080 255 1116 lector
270 1090 350 1127 quoque
361 1084 485 1127 pernoscat,
502 1090 539 1116 eur
551 1077 587 1114 alii
600 1077 705 1115 laudatam
720 1078 857 1116 absolutionis
874 1078 917 1116 for·

106 1152 159 1177 mam
171 1139 271 1187 adoptare
283 1137 407 1176 detrectent.
417 1129 421 1137 i

178 1200 203 1237 A,
219 1197 342 1236 Generatim
356 1198 424 1246 forma
446 1198 587 1237 conditionata
603 1198 624 1235 in
639 1199 695 1236 nullo
713 1199 761 1236 olim
777 1198 917 1237 Sacramenta

105 1261 183 1299 usitata
194 1260 242 1306 fuit,
255 1271 321 1310 neque
332 1261 353 1297 in
364 1260 486 1309 Baptismo,
498 1260 529 1298 uti
539 1266 597 1309 patet
608 1271 634 1297 ex
645 1260 713 1297 Natat.
736 1261 837 1298 Alexand.
850 1260 915 1298 histo-

104 1322 138 1359 ria
149 1321 295 1364 ecclesiastica
311 1327 362 1358 sect.
378 1321 415 1358 IV.
429 1333 446 1359 e.
462 1321 498 1357 IV.
512 1320 590 1358 Secula
602 1321 659 1357 V111.
674 1321 746 1358 Prima
757 1322 851 1371 vestigia
866 1334 915 1359 con-

104 1382 209 1421 ditionalis
217 1382 470 1433 Baptismioccurruntin
478 1381 564 1420 statutis
576 1381 598 1420 S.
610 1381 725 1427 Bonifacii;
739 1388 771 1421 ast
783 1394 915 1433 nequaqnam

104 1445 172 1485 subite
187 1445 315 1484 universalis
335 1445 374 1484 tuit
388 1445 440 1484 haec
451 1444 536 1495 praxis,
555 1444 592 1482 sed
610 1444 644 1482 din
667 1444 732 1483 adhue
751 1449 825 1495 postea
840 1445 875 1483 alii
895 1452 916 1484 et

103 1508 219 1547 theoretice
235 1513 256 1545 et
273 1508 366 1558 practice
385 1514 498 1546 tenuerunt
512 1506 602 1546 formam
617 1513 697 1545 tantum
717 1507 839 1546 absolutam.
858 1507 913 1546 Vide

104 1570 210 1619 Synodum
221 1570 311 1608 Eborac.
323 1570 415 1608 London.
431 1569 511 1620 Hugon
523 1582 535 1607 a
547 1568 569 1607 S.
582 1569 639 1607 Vict.
651 1568 781 1621 Magistrum
794 1569 914 1608 Sententia·

103 1644 159 1676 rmn,
173 1632 262 1677 Petrum
275 1631 357 1668 Pictav.
371 1638 411 1669 ete.
428 1630 521 1668 Tandem
544 1643 591 1669 cum
610 1642 653 1669 sec.
672 1631 728 1668 XIII.
749 1632 786 1669 sub
807 1631 915 1682 Gregorio

103 1694 138 1731 IX.
151 1693 239 1742 epistola
253 1692 367 1730 Alexandri
377 1693 413 1730 Ill.
425 1693 495 1742 Papae
508 1692 532 1729 de
545 1692 655 1742 Baptismo
673 1691 813 1731 conditionato
829 1693 915 1742 corpori

99 1754 154 1803 juris
171 1754 265 1792 canonici
275 1754 357 1791 inserta
369 1760 411 1798 est,
426 1766 478 1791 usus
494 1754 618 1792 conditionis
637 1754 770 1803 adponendae
785 1754 810 1792 ad
825 1755 914 1792 formam

102 1815 213 1864 Baptisimi
223 1815 244 1852 in
256 1815 354 1853 Ecclesia
366 1815 492 1853 occidentali
503 1815 597 1852 invaluit.

175 1877 199 1913 Β.
213 1876 255 1914 Sed
268 1888 293 1913 ex
304 1875 343 1913 hac
356 1876 418 1913 etiam
430 1876 521 1914 admissa
531 1876 553 1913 in
563 1876 670 1926 Baptismo
686 1876 754 1913 forma
773 1876 914 1915 conditionata

102 1936 152 1974 nihil
170 1937 264 1986 sequitur
278 1949 316 1986 pro
335 1937 473 1975 Sacramenta
491 1937 635 1974 Poenitentiae
653 1937 674 1974 in
689 1937 806 1974 conditione
828 1937 913 1975 admini-

102 1998 211 2043 strandae3
230 2010 277 2036 nam
291 1995 315 2044 1]
327 1998 373 2047 ipsa
388 1999 454 2035 verba
466 1997 595 2035 Salvatoris:
615 1997 708 2045 Quorum
719 1999 846 2035 remiseritis
861 2004 912 2043 ete,

101 2059 190 2096 formam
201 2049 317 2097 absolutam
335 2059 458 2108 important,
470 2058 561 2109 nihilque
579 2059 703 2097 conditionis
722 2060 841 2104 continent,
861 2059 913 2097 unde

97 2119 159 2169 juxta
171 2118 251 2158 Christi
261 2119 413 2157 institutionem
431 2127 520 2170 peccata
532 2126 567 2158 aut
577 2120 661 2170 pracise
676 2120 811 2158 remittantur
828 2133 866 2169 per
878 2120 913 2158 ab·

101 2181 237 2225 solutionem,
251 2187 287 2218 aut
300 2181 438 2219 retineantur.

174 2239 201 2288 2)
212 2241 309 2290 Alioquin
327 2242 418 2290 quodex
431 2243 503 2279 verbis
518 2243 656 2280 institutionis
678 2243 784 2292 sequitur,
807 2242 911 2280 absolutio

101 2303 246 2352 complectitur
259 2306 332 2340 aetram
343 2301 544 2351 verejlccltctalem3
565 2304 621 2353 atqui
633 2303 700 2340 torma
712 2303 853 2341 conditionata
866 2315 911 2341 ces·

101 2370 134 2401 sat
146 2376 193 2401 esse
207 2363 313 2411 judicialis
318 2377 325 2408 3
341 2375 392 2414 ergo
405 2363 544 2401 Sacramenta
558 2364 702 2401 Paenitentiae
715 2376 845 2414 nequaquam
863 2376 912 2403 con·

99 2425 164 2462 venit.
181 2424 251 2473 Qualis
268 2437 285 2462 e.
298 2437 332 2475 gr.
348 2430 406 2461 esset
422 2423 475 2462 haec
487 2424 565 2473 judicis
582 2424 671 2461 ferentis
683 2418 798 2463 sententia:
818 2427 879 2476 „Ego
891 2431 911 2463 te

101 2485 185 2524 absolvo
198 2498 210 2523 a
222 2485 308 2524 crimine
320 2485 385 2531 furti,
396 2485 430 2523 vel
442 2485 539 2524 adulterii
550 2491 590 2524 ete.
603 2508 633 2512 —-
647 2486 665 2523 si
675 2487 777 2525 innocens
793 2487 836 2524 es.''

174 2544 200 2593 3)
212 2547 235 2584 In
248 2559 327 2597 genere
339 2547 458 2592 notandum,
470 2547 559 2584 indolem
568 2546 845 2598 Sacranientorumsemper
858 2549 911 2587 bene

100 2616 148 2643 esse
160 2607 319 2652 attendendam,
332 2619 371 2645 nec
383 2608 436 2657 qued
447 2607 483 2644 uni
495 2613 614 2656 competere
625 2615 706 2657 potest,
724 2615 810 2658 praeter
829 2622 875 2646 rem
887 2610 911 2646 ad

100 2664 188 2703 alterum
202 2667 265 2715 juxta
283 2668 401 2718 analogiam
413 2668 550 2705 tansferatur.
563 2667 588 2706 Si
598 2670 720 2719 Baptismus
733 2670 770 2706 sub
782 2670 850 2707 farina
862 2682 910 2707 ccn-

100 2722 201 2763 ditiouata
213 2728 333 2772 confertur,
347 2728 406 2765 adest
418 2728 507 2766 dilatum
516 2729 586 2776 secti,
602 2742 665 2767 secus
676 2742 727 2766 vero
738 2730 759 2766 in
772 2729 909 2768 Sacramenta
938 2760 940 2762 .

98 2781 256 2832 Poensteufiae,
268 2788 304 2825 uhi
315 2787 483 2838 decbtmnynrts,
497 2789 577 2838 quando
588 2790 686 2827 nimirum
698 2790 781 2828 dubium
794 2791 850 2828 cirea
861 2801 909 2839 pne-

124 2915 139 2954 4)
148 2913 221 2949 Bened.
231 2917 282 2952 XIV.
293 2920 320 2954 Se
330 2920 403 2963 synodo
414 2921 531 2955 dioecesana
538 2920 583 2954 libr.
593 2922 635 2954 VII.
646 2930 662 2954 c¹
673 2924 702 2955 15.
