2056 3193
160 90 206 135 240

160 207 212 259 Quin
230 216 250 248 31
270 207 388 246 scandalum
407 211 491 244 sumunt
505 206 588 253 fideles,
613 208 630 245 si
649 208 772 258 frequenter
790 209 966 250 communicantes

160 271 324 309 animadvertant
335 267 463 305 vanitatibus
476 274 496 305 et
508 268 550 306 otio
562 269 679 321 indulgere,
692 275 714 307 ut
726 278 787 311 antea
798 303 804 319 ,
817 287 857 312 non
870 271 965 311 revereri

159 338 262 382 parentes,
275 329 382 368 consortia
393 329 513 379 periculosa
525 330 590 377 adire,
603 331 658 369 vitae
671 330 836 384 conditionisque
850 334 918 374 officia
929 346 964 371 nc·

158 393 246 443 gligere.
266 390 335 439 Quare
351 390 451 439 ejusmodi
470 392 565 442 personis
583 391 712 442 frequentior
728 391 849 433 communic
865 402 962 447 negetur,

158 465 180 489 eo
193 452 245 502 quod
257 464 297 489 non
309 452 432 501 proficiatur
443 452 464 489 in
475 452 666 490 3111313..]333333
679 452 702 490 de
715 453 782 497 Avila,
798 467 837 492 non
850 458 917 494 minus
930 457 963 493 do-

157 513 231 558 ctrina,
244 525 305 562 quam
316 513 394 562 pietate
406 513 503 564 insignis,
517 514 569 550 3113
582 513 704 551 difficillima
716 513 795 551 animas
807 515 832 552 ad
840 517 907 554 Deum
915 517 963 554 diri-

157 573 454 623 333111311333133113313133,
467 573 506 618 ait,
520 574 616 612 „unicum
628 575 706 623 probae
719 573 874 613 communionis
882 577 964 627 signum

156 636 243 671 octenae
252 634 378 684 profectum
391 645 445 677 3333,
458 640 519 682 atque
532 633 556 670 ad
568 635 667 682 pietatem
678 634 862 685 progressionem,
876 648 934 685 quam
947 638 964 674 si

156 700 303 744 assequantur,
315 699 373 730 recte
386 693 411 730 ad
426 693 582 730 Eucharistiam
601 695 685 744 saepius
700 702 823 741 recurrant3
842 695 874 733 sin
890 696 964 742 minus,

156 755 180 792 ab
193 767 217 792 ea
229 754 304 792 debent
317 753 444 791 abscedere'
454 751 472 800 ¹]
480 767 486 798 ;
498 764 540 790 non
558 754 649 803 quidem,
665 756 719 793 acsi
732 756 802 793 dilatio
815 768 890 795 sacrae
904 756 964 795 Conr-

155 815 257 853 munionis
269 814 297 851 sit
308 813 422 851 remedium
434 819 508 852 contra
521 815 582 852 animi
595 816 696 861 mnrburu,
709 816 745 853 sed
762 823 784 854 31
799 817 872 854 melius
891 816 915 854 ad
934 818 963 854 di-

155 889 216 927 gnam
234 874 381 913 Eucharistiae
400 874 554 925 susceptionem
572 888 595 913 se
609 883 747 927 praeparent,
764 884 824 927 atque
840 878 924 927 331333,
942 879 963 915 13

156 949 206 987 3333
217 936 328 974 identidem
339 936 457 981 incurrunt,
470 936 540 973 acrius
553 937 691 983 ulciscantur,
703 944 764 988 atquc
783 939 873 976 crationi
889 945 910 976 et
927 939 962 976 ho-

156 999 188 1036 nis
200 998 297 1048 operibus
312 1003 355 1034 toto
372 1003 459 1047 pectore
476 997 555 1035 instent
564 996 590 1046 2).
611 999 709 1038 Summus
724 999 822 1037 Pontifex
836 999 963 1038 Benedictus

155 1057 249 1109 xiv.³),
268 1065 366 1110 quantum
378 1059 402 1097 ad
415 1058 467 1098 hanc
483 1060 603 1107 materiam,
620 1062 763 1100 confessarios
781 1068 860 1108 monet,
876 1075 901 1100 ne
920 1061 960 1100 fre-

155 1129 251 1174 quentem
263 1121 287 1161 ad
299 1120 454 1160 Eucharistiam
467 1134 576 1161 accessum
588 1123 613 1161 iis
626 1131 661 1163 331
677 1124 777 1163 suadeant
789 1131 824 1163 aut
835 1124 962 1176 permittant,

156 1186 221 1237 quiin
233 1185 406 1238 graviapeccata
418 1185 502 1235 saepius
517 1185 628 1234 labuntur,
642 1200 680 1226 nee
696 1187 720 1224 de
735 1187 863 1237 poenitentia
882 1188 962 1239 agenda

155 1259 232 1298 suaque
245 1248 288 1285 3113
300 1246 427 1284 emendanda
435 1252 483 1284 sunt
495 1247 591 1293 solliciti:
604 1248 659 1286 sicut
671 1260 709 1286 nec
721 1248 770 1293 illis,
783 1249 824 1298 qui,
836 1249 876 1286 etsi
888 1249 962 1299 gravia

155 1309 242 1347 crimina
255 1308 343 1353 evitent,
358 1308 486 1346 voluntatem
504 1314 572 1346 tamen
589 1308 665 1347 habent
680 1309 796 1347 venialibus
811 1310 961 1348 inhaerentem.

228 1367 248 1409 2.
261 1370 320 1408 Licet
335 1369 400 1421 igitur
416 1376 475 1408 certa
494 1370 588 1418 omnibus
607 1372 682 1423 regula
699 1371 816 1421 praescribi
833 1384 872 1409 non
888 1372 962 1421 possit,

155 1439 223 1471 utrum
236 1431 324 1483 singulis
337 1431 442 1469 mensibus
455 1431 487 1470 vel
499 1430 660 1471 hebdomadibus
676 1433 695 1471 id
708 1433 775 1484 magis
792 1433 895 1483 expediat,
915 1445 962 1483 per-

155 1495 212 1533 sonis
224 1501 293 1533 tamen
313 1506 362 1530 3313
378 1493 458 1531 devotis
475 1506 498 1532 33
517 1494 563 1543 piis,
583 1507 634 1545 quae
654 1496 677 1533 ad
696 1494 796 1544 majorem
811 1494 961 1545 perfectionem

155 1557 287 1601 contendunt,
301 1568 337 1593 cur
350 1567 412 1593 33313
425 1555 545 1593 communic
558 1557 675 1603 octiduana,
688 1556 735 1606 quin
748 1569 788 1594 una
805 1557 898 1594 alterave
915 1556 960 1594 vice

154 1631 191 1667 per
202 1617 357 1661 hebdomadam,
370 1620 457 1655 33113133
469 1629 513 1654 con
525 1618 659 1664 concedatur,
671 1618 765 1669 profecto
773 1631 812 1655 nou
825 1618 891 1656 video.
903 1616 961 1656 Fal-

153 1691 180 1716 sa
191 1682 225 1716 est
234 1677 356 1727 fnerntfitcs,
369 1690 425 1729 3333
436 1690 477 1715 nos
485 1677 516 1715 ed
520 1677 607 1727 13113133
618 1682 703 1730 tempus
711 1678 738 1716 ab
745 1680 787 1716 leuc
797 1691 873 1717 neenec
885 1681 961 1716 retra-

152 1742 198 1789 bit,
215 1743 236 1777 et
249 1741 370 1788 3333331113
385 1751 498 1777 accessum
512 1738 576 1776 occide
594 1752 673 1778 raram
690 1739 775 1777 333ιί31.
799 1739 920 1777 Gennadius
937 1739 960 1776 de

153 1801 264 1839 octiduana
275 1812 337 1838 sacra
355 1800 503 1837 connnunione
518 1800 577 1838 dicit:
595 1800 710 1840 „Omnibus
728 1800 836 1838 dominicis
850 1799 961 1838 communi-

153 1862 240 1900 candum
252 1861 329 1899 suadeo
343 1867 363 1898 31
374 1861 457 1907 hortor3
470 1861 488 1898 si
496 1867 563 1898 tamen
574 1874 631 1899 niens
640 1863 685 1899 sinc
694 1862 770 1898 affectu
782 1861 881 1911 peccandi
890 1856 960 1907 sit''*).

154 1923 255 1960 Similiter
267 1922 358 1970 loquitur
369 1922 507 1959 Walafredus
520 1921 599 1958 Strabo
607 1920 633 1968 ⁵),
646 1928 667 1959 31
679 1922 701 1959 S.
715 1922 842 1958 Franciscus
858 1920 960 1964 salesius,

153 1995 192 2032 quo
205 1983 255 2020 duce
269 1988 299 2019 131
311 1982 382 2019 fideles
395 1981 532 2030 adjustitiam
547 1981 697 2030 profectiorem
712 1993 841 2030 peruenere:
858 1979 898 2020 „Ut
915 1980 960 2029 quis

153 2049 226 2081 331333
239 2054 318 2093 333333
331 2042 370 2086 die,
382 2042 455 2091 133311,
467 2040 622 2079 Eucharistianr
635 2041 744 2092 percipiat,
757 2041 781 2078 ab
794 2041 848 2078 omni
860 2053 905 2078 eum
913 2052 960 2090 pec-

152 2104 192 2142 cati
205 2104 299 2142 mortalis
308 2104 363 2148 labe,
376 2103 400 2140 ab
412 2103 465 2140 311131
480 2108 614 2152 peccatorum
622 2103 733 2141 venialium
746 2102 813 2140 studio
826 2108 846 2139 et
855 2103 960 2140 voluntate

152 2167 262 2204 immunem
279 2177 326 2202 esse
340 2164 434 2214 oportet⁷⁵
445 2162 471 2212 ⁶).
484 2162 531 2202 Nec
539 2164 638 2215 probare
647 2176 748 2216 possano,
761 2164 869 2213 ejusmdi
882 2175 961 2208 arcere

152 2240 165 2265 α
177 2224 332 2266 &crementis
344 2239 373 2264 ear
385 2238 418 2275 eo,
438 2225 498 2277 quod
513 2225 606 2264 3311111113
624 2239 653 2265 esc
668 2225 796 2277 [1331111313
809 2224 960 2263 succumbant.

155 2290 212 2327 „hon
224 2295 294 2342 egent,
307 2288 341 2340 qui
353 2288 397 2326 sani
410 2294 465 2334 sunt,
478 2287 564 2333 medico,
583 2288 619 2326 sed
632 2289 666 2339 qui
682 2288 734 2326 male
753 2286 835 2325 hahent.
853 2287 898 2325 Non
913 2285 960 2323 3331

153 2364 228 2391 333313
236 2353 317 2403 justos,
330 2352 366 2390 sed
383 2351 521 2402 3333313333ἲ
533 2349 558 2399 ⁷).
574 2351 690 2390 Notandum
708 2357 750 2397 331,
767 2350 819 2402 3331
835 2349 858 2389 S.
874 2348 960 2387 Franci·

154 2426 202 2452 scus
216 2415 310 2455 Salesius
322 2415 342 2452 in
360 2414 399 2453 hoc
414 2414 520 2466 proposito
542 2414 601 2453 dicit:
619 2414 657 2454 „si
674 2419 776 2465 quaerunt
794 2419 848 2459 313,
866 2424 903 2451 331·
919 2417 959 2449 13111

154 2476 273 2527 frequenter
285 2478 433 2523 corumuniccs,
445 2477 549 2527 responde
561 2477 610 2522 illis,
623 2477 675 2528 quod
688 2476 762 2527 duplex
772 2486 910 2526 personarum
922 2486 958 2526 ge-

153 2551 192 2576 nus
204 2539 263 2578 debet
275 2540 358 2591 saepius
371 2540 537 2579 communicare:
549 2539 639 2589 perfecti
651 2539 733 2578 scilicet
745 2545 766 2577 et
772 2535 900 2588 imperfecti:
912 2548 958 2586 per-

153 2601 211 2646 fecti,
229 2608 251 2638 ut
263 2614 284 2639 se
296 2603 315 2639 in
327 2603 457 2652 perfectione
474 2608 607 2647 conservent,
619 2601 748 2651 imperfecti,
767 2607 789 2638 ut
805 2599 829 2637 ad
847 2598 958 2649 perfectio-

178 2777 192 2816 1)
201 2773 253 2807 Libr.
269 2774 285 2829 1..
300 2774 356 2817 epist.
366 2777 395 2808 31.
408 2794 432 2799 -
441 2777 457 2809 2)
472 2774 493 2808 S.
504 2773 549 2806 lsid.
559 2773 614 2829 Hisp.
630 2772 653 2806 de
664 2770 701 2806 Off.
715 2770 763 2804 ecel.
775 2767 817 2802 libr.
832 2771 848 2803 l.
863 2780 879 2804 c.
896 2770 925 2851 ί118
935 2787 959 2793 -

199 2819 958 2918 3131113133331111113113..133133.-

200 2923 247 2958 13111.
257 2924 279 2958 Ρ.
289 2923 313 2955 11.
325 2931 341 2956 c.
350 2923 380 2955 20.
390 2941 413 2947 —-
422 2922 436 2967 ⁷)
446 2924 492 2956 Luc.
502 2922 525 2954 V.
536 2924 566 2956 31.
