2017 3193
866 98 908 141 191

100 217 186 250 Dimissa
197 215 253 258 eulpa
263 219 282 248 et
291 223 352 258 poena
363 219 441 249 aeterna
450 223 509 256 saepe
518 223 619 248 remanere
629 223 710 258 poenam
723 210 850 254 temporalem
861 211 909 243 dini-

124 276 160 299 nae
168 266 255 307 justitiae
265 265 420 307 persolvendam,
430 264 532 306 perspicua
543 268 562 296 et
571 264 652 296 illustrm
662 265 679 297 in
689 263 753 296 sacris
762 261 835 294 Literis
845 269 909 293 exeni-

125 316 165 358 pla.
179 323 215 347 nec
228 324 263 346 non
278 317 371 357 perpetua
383 312 485 348 Ecclesiae
500 311 547 345 fides
558 314 713 345 manifestissime
723 310 811 355 probant.
826 308 875 341 Vide
886 310 909 340 ll.

125 365 174 405 neg.
188 364 230 396 Xll.
245 363 265 396 S·
280 365 327 407 Aug.
342 363 406 397 Tract.
422 362 463 395 12'4.
478 360 496 392 in
510 361 566 393 Joan.
582 361 688 394 Commeat.
703 363 720 394 in
733 361 806 394 Psalm.
816 360 838 392 L.
851 359 908 391 Cone.

126 412 180 446 Trid.
195 414 250 445 Sess.
265 413 315 446 xlv.
331 413 377 445 Can.
391 412 433 445 xli.

176 526 305 571 Satisfactio,
319 534 420 577 quatenns
433 530 465 561 est
476 522 614 566 medicinalis,
625 522 708 571 peccati
720 524 846 572 gravitatem
857 534 908 572 prae

102 588 168 625 oculis
182 589 241 625 nobis
256 589 322 637 ponit,
339 587 423 636 peccati
437 584 522 634 perinde
539 584 607 621 odium
618 583 639 620 in
653 583 749 621 cordibus
761 585 839 621 nostris
852 584 908 622 exei-

102 655 142 693 tat,
160 661 198 686 nec
215 662 254 687 non
272 648 434 688 consuetudines
452 646 566 695 exstirpat,
591 650 611 681 et
626 644 727 682 virtulum
746 643 907 683 eliristianarum

102 710 224 748 exercitium
237 710 372 748 assuetudine
385 707 468 746 facilius
480 707 554 744 reddit.

187 828 328 882 Confessarii
348 827 441 880 eandem
459 825 585 895 imponendi
602 824 643 890 jus
664 832 685 877 et
705 823 823 893 obligatio.

175 953 192 1007 ξ.
204 950 253 992 135.
263 952 411 990 Confessarins
419 950 498 999 judicis
511 957 532 988 et
543 950 619 988 medici
631 951 721 988 sustinet
732 962 851 999 personam.
865 949 910 998 Qua

97 1017 162 1065 judex
179 1014 357 1058 satisfactionem,
375 1018 476 1062 quatenns
494 1017 526 1049 est
542 1011 679 1057 vindieativa,
697 1024 735 1061 qna
753 1011 845 1050 medicus
863 1024 910 1049 ean-

102 1078 160 1121 dem,
185 1082 286 1125 qnatenus
304 1080 336 1111 est
353 1073 496 1118 medicinaliS,
520 1072 642 1123 injungendi
658 1073 694 1121 jus
716 1085 739 1110 ae
760 1073 909 1124 obligationem

101 1138 170 1175 habet.
182 1136 296 1185 Utrumque
308 1141 366 1185 patet
379 1147 404 1172 ex
415 1134 525 1172 Ecclesiae
537 1134 608 1183 praxi,
621 1146 680 1184 qnam
694 1134 809 1171 Concilium
822 1134 910 1171 Triden-

102 1199 165 1235 tinum
178 1197 294 1235 confirmat.
307 1197 380 1245 implet
392 1208 447 1239 cairi,
460 1207 521 1245 quum
533 1195 553 1231 in
566 1195 719 1233 satisfactionis
732 1195 798 1232 media
810 1195 911 1243 ejusmodi

102 1260 179 1311 seligat
196 1270 269 1307 opera,
287 1270 339 1307 qliae
358 1256 382 1295 ad
398 1256 525 1305 poenitentis
542 1262 620 1294 statum
637 1257 739 1294 rationein
756 1255 839 1293 habent.
862 1256 911 1293 Jaru

101 1332 138 1370 pro
150 1319 182 1356 rei
193 1319 299 1369 gravitate
317 1330 392 1367 operae
409 1318 501 1366 pretium
518 1323 550 1355 est
567 1317 690 1368 singillatim
707 1317 825 1367 inquirere,
844 1317 911 1367 qualis

101 1393 138 1431 pro
151 1380 299 1430 poenitentium
312 1386 380 1416 slatus
393 1378 516 1415 diversitate
528 1378 647 1416 satisfactio
660 1390 707 1415 esse
721 1378 805 1421 debent,
821 1384 844 1415 nt
856 1378 911 1425 ejus·

102 1442 147 1479 dem
170 1442 258 1478 effeetus
277 1440 406 1478 medicinalis
427 1439 488 1476 simul
509 1446 530 1476 et
549 1440 689 1477 vindioativus
711 1451 770 1488 qiiam
790 1439 910 1476 uberrimus

102 1503 227 1540 obtineatur.

276 1618 448 1671 Satisfactiouis
469 1619 617 1687 imponendae
637 1618 732 1670 indoles.

175 1742 193 1795 ξ.
208 1740 257 1781 136,
274 1743 365 1780 indolem
383 1742 534 1780 satisfactionis
552 1756 563 1780 a
580 1744 693 1780 sacerdote
708 1742 862 1792 poenitentibus
873 1743 911 1781 im-

100 1805 206 1853 ponendae
219 1804 334 1841 Concilium
347 1803 493 1840 'l'ridentinuin
505 1810 538 1841 sat
550 1816 654 1853 superque
667 1804 779 1841 describit:
798 1805 827 1841 ait
838 1805 911 1841 videli-

102 1871 148 1903 cet:
173 1865 269 1904 »Debent
286 1864 408 1902 sacerdotes
425 1864 522 1908 Domini,
544 1871 641 1913 quantum
659 1865 746 1913 spiritus
764 1871 784 1901 et
800 1866 911 1913 prudentia

101 1926 251 1977 suggesserit,
274 1937 312 1974 pro
329 1924 435 1976 qrcdlildte
454 1927 570 1963 critolaum
587 1932 608 1963 et
625 1928 784 1976 poenitentium
799 1926 911 1975 sterilitate

101 1988 206 2025 salutares
219 1993 239 2024 et
252 1987 399 2025 convenientes
412 1986 569 2025 satisfactiones
580 1987 701 2039 injungere,
716 2000 753 2032 ne,
766 1987 784 2024 si
797 1987 850 2025 forte
861 2000 910 2037 pec-

101 2049 154 2087 catis
172 2049 311 2093 conniveant,
329 2054 350 2086 et
365 2048 508 2100 indulgentius
521 2061 567 2087 eum
578 2049 733 2099 poenitentibus
751 2056 829 2101 agant,
846 2050 909 2087 levis·

101 2111 153 2147 sima
166 2111 265 2161 quaedam
278 2123 342 2159 opera
353 2123 391 2159 pro
404 2111 538 2160 gravissimis
551 2111 632 2149 delictis
645 2112 781 2161 injungendo,
795 2112 909 2149 alienorum

99 2178 234 2223 peccatorum
251 2171 365 2222 participes
383 2171 516 2211 efficiarrtiii·==
538 2170 563 2220 ¹).
597 2172 648 2210 Vult
668 2172 735 2224 igitur
753 2172 867 2210 Concilium
889 2179 909 2211 et

100 2235 215 2287 praecipit,
240 2241 263 2273 ut
283 2234 426 2272 confessarius
446 2234 466 2271 in
487 2234 615 2283 imponendis
637 2235 818 2273 satisfactionibus
835 2235 910 2272 lrabeat

101 2299 204 2336 rationem
216 2304 236 2336 et
249 2297 391 2342 delictorum,
408 2309 446 2346 pro
459 2298 532 2346 quibes
544 2297 680 2347 imponendae
693 2304 752 2342 sunt,
770 2303 790 2334 et
799 2310 909 2348 personu-

100 2374 150 2399 rdm
166 2359 324 2411 poenitentium,
342 2358 416 2409 quibus
432 2359 575 2408 imponuntur,
592 2359 723 2397 ninimirum
736 2366 834 2398 serretur
848 2373 909 2411 quae·

101 2423 147 2460 dam
169 2422 276 2473 proportio
298 2421 354 2459 inter
376 2427 472 2459 naturam
490 2426 510 2458 et
527 2421 654 2472 gravitatem
675 2433 760 2471 procliue
783 2428 803 2459 et
826 2422 909 2468 ‹felte-ti,

101 2491 196 2533 spectata
208 2484 270 2522 etiam
281 2483 349 2521 iiulole
362 2488 382 2520 et
394 2483 511 2521 conditione
522 2495 625 2533 personae
638 2483 763 2533 poenitentis
773 2482 799 2531 2).
810 2483 910 2531 Quoniam

101 2552 169 2583 autem
180 2547 235 2584 inter
248 2552 320 2584 celera
331 2545 370 2583 hoc
382 2557 468 2590 niunns,
485 2546 559 2582 saltem
571 2546 680 2593 tyronibus
694 2546 838 2591 confessariis,
857 2547 908 2584 difli-

100 2606 140 2643 cile
153 2620 200 2645 esse
212 2614 291 2657 potest,
309 2619 354 2644 rem
365 2607 463 2651 uberius,
476 2607 575 2644 stabilitis
588 2607 709 2657 quibusdam
720 2608 803 2658 regulis
815 2609 835 2645 in
848 2620 908 2646 nsum

101 2665 235 2714 deducendis,
254 2681 358 2719 exponere
366 2669 433 2717 juvat.
451 2670 478 2705 Et
490 2668 579 2718 quidem,
598 2675 619 2706 ut
631 2669 788 2707 satisfactiones
801 2671 907 2719 poeniten-

100 2725 155 2764 tibus
167 2731 272 2769 salntares
285 2737 306 2768 et
318 2731 465 2769 convenientes
478 2731 529 2775 sint,
546 2731 663 2780 requiritur
675 2731 815 2782 congruentia
827 2744 908 2769 eorum-

100 2820 295 2833 --————-·

125 2872 139 2910 1]
154 2870 210 2904 Sess.
224 2875 275 2909 XIV.
290 2886 331 2920 cap.
345 2879 363 2910 8.
385 2896 406 2900 -
429 2878 445 2917 2)
460 2876 499 2909 Cfr.
514 2876 597 2910 Marten,
612 2876 635 2909 de
649 2877 706 2919 antiq.
719 2877 773 2911 Eccl.
788 2877 818 2908 rit.
830 2874 874 2908 libr.
889 2877 907 2908 6,

158 2928 175 2953 o.
189 2922 205 2955 6.
220 2927 256 2955 art.
271 2928 288 2958 7.
302 2926 343 2959 ord.
359 2927 376 2959 2.
391 2928 408 2959 5.
424 2928 453 2960 10.
468 2926 497 2959 12.
510 2944 532 2949 -
546 2926 584 2959 Rit.
598 2927 654 2959 Rom.
