<?xml version="1.0" encoding="UTF-8"?>
<!DOCTYPE html PUBLIC "-//W3C//DTD XHTML 1.0 Transitional//EN"
    "http://www.w3.org/TR/xhtml1/DTD/xhtml1-transitional.dtd">
<html xmlns="http://www.w3.org/1999/xhtml" xml:lang="en" lang="en">
 <head>
  <title>
</title>
<meta http-equiv="Content-Type" content="text/html;charset=utf-8" />
  <meta name='ocr-system' content='tesseract 3.04.00' />
  <meta name='ocr-capabilities' content='ocr_page ocr_carea ocr_par ocr_line ocrx_word'/>
</head>
<body>
  <div class='ocr_page' id='page_1' title='image "MN42038ucmf_0_0320.png"; bbox 0 0 2056 3193; ppageno 0'>
   <div class='ocr_carea' id='block_1_1' title="bbox 111 106 156 153">
    <p class='ocr_par' dir='ltr' id='par_1_1' title="bbox 111 106 156 153">
     <span class='ocr_line' id='line_1_1' title="bbox 111 106 156 153; baseline -0.044 0"><span class='ocrx_word' id='word_1_1' title='bbox 111 106 156 153; x_wconf 74' lang='lat'>278</span> 
     </span>
    </p>
   </div>
   <div class='ocr_carea' id='block_1_2' title="bbox 110 221 930 2468">
    <p class='ocr_par' dir='ltr' id='par_1_2' title="bbox 110 221 920 395">
     <span class='ocr_line' id='line_1_2' title="bbox 110 221 919 276; baseline -0.004 -12"><span class='ocrx_word' id='word_1_2' title='bbox 110 237 171 276; x_wconf 87' lang='lat' dir='ltr'>quam</span> <span class='ocrx_word' id='word_1_3' title='bbox 183 236 246 274; x_wconf 85' lang='lat' dir='ltr'>saepe</span> <span class='ocrx_word' id='word_1_4' title='bbox 259 222 340 272; x_wconf 83' lang='lat' dir='ltr'>experti</span> <span class='ocrx_word' id='word_1_5' title='bbox 353 223 395 261; x_wconf 92' lang='lat' dir='ltr'>sint</span> <span class='ocrx_word' id='word_1_6' title='bbox 406 222 518 272; x_wconf 89' lang='lat' dir='ltr'>proborum</span> <span class='ocrx_word' id='word_1_7' title='bbox 536 221 636 259; x_wconf 90' lang='lat' dir='ltr'>virtutes:</span> <span class='ocrx_word' id='word_1_8' title='bbox 654 234 693 260; x_wconf 90' lang='lat' dir='ltr'>nec</span> <span class='ocrx_word' id='word_1_9' title='bbox 713 224 779 261; x_wconf 91' lang='lat' dir='ltr'>solum</span> <span class='ocrx_word' id='word_1_10' title='bbox 799 234 858 273; x_wconf 91' lang='lat' dir='ltr'>quam</span> <span class='ocrx_word' id='word_1_11' title='bbox 877 223 919 261; x_wconf 90' lang='lat' dir='ltr'>fre-</span> 
     </span>
     <span class='ocr_line' id='line_1_3' title="bbox 110 282 920 338; baseline -0.004 -13"><span class='ocrx_word' id='word_1_12' title='bbox 110 293 205 338; x_wconf 87' lang='lat' dir='ltr'>quenter,</span> <span class='ocrx_word' id='word_1_13' title='bbox 218 285 264 322; x_wconf 91' lang='lat' dir='ltr'>dum</span> <span class='ocrx_word' id='word_1_14' title='bbox 277 284 301 322; x_wconf 91' lang='lat' dir='ltr'>de</span> <span class='ocrx_word' id='word_1_15' title='bbox 314 284 408 334; x_wconf 88' lang='lat' dir='ltr'>proximo</span> <span class='ocrx_word' id='word_1_16' title='bbox 421 284 473 321; x_wconf 87' lang='lat' dir='ltr'>male</span> <span class='ocrx_word' id='word_1_17' title='bbox 485 282 588 333; x_wconf 86' lang='lat' dir='ltr'>suspicati</span> <span class='ocrx_word' id='word_1_18' title='bbox 605 289 661 327; x_wconf 90' lang='lat' dir='ltr'>sunt,</span> <span class='ocrx_word' id='word_1_19' title='bbox 673 295 745 322; x_wconf 87' lang='lat' dir='ltr'>verum</span> <span class='ocrx_word' id='word_1_20' title='bbox 754 285 870 335; x_wconf 77' lang='lat' dir='ltr'>attigerint,</span> <span class='ocrx_word' id='word_1_21' title='bbox 883 286 920 323; x_wconf 87' lang='lat' dir='ltr'>sed</span> 
     </span>
     <span class='ocr_line' id='line_1_4' title="bbox 110 344 631 395; baseline -0.01 -10"><span class='ocrx_word' id='word_1_22' title='bbox 110 349 171 385; x_wconf 91' lang='lat' dir='ltr'>etiam</span> <span class='ocrx_word' id='word_1_23' title='bbox 184 358 243 395; x_wconf 82' lang='lat' dir='ltr'>quarn</span> <span class='ocrx_word' id='word_1_24' title='bbox 257 345 379 394; x_wconf 88' lang='lat' dir='ltr'>frequenter</span> <span class='ocrx_word' id='word_1_25' title='bbox 392 358 403 382; x_wconf 90' lang='lat' dir='ltr'>a</span> <span class='ocrx_word' id='word_1_26' title='bbox 414 356 465 381; x_wconf 93' lang='lat' dir='ltr'>vero</span> <span class='ocrx_word' id='word_1_27' title='bbox 478 344 631 381; x_wconf 88' lang='lat' dir='ltr'>aberraverint.</span> 
     </span>
    </p>

    <p class='ocr_par' dir='ltr' id='par_1_3' title="bbox 111 403 921 699">
     <span class='ocr_line' id='line_1_5' title="bbox 188 403 919 455; baseline 0 -12"><span class='ocrx_word' id='word_1_28' title='bbox 188 407 267 443; x_wconf 77' lang='lat' dir='ltr'>eontra</span> <span class='ocrx_word' id='word_1_29' title='bbox 279 412 374 454; x_wconf 79' lang='lat' dir='ltr'>quartam</span> <span class='ocrx_word' id='word_1_30' title='bbox 386 404 487 449; x_wconf 88' lang='lat' dir='ltr'>radicem,</span> <span class='ocrx_word' id='word_1_31' title='bbox 499 416 573 452; x_wconf 90' lang='lat' dir='ltr'>nempe</span> <span class='ocrx_word' id='word_1_32' title='bbox 591 403 717 452; x_wconf 82' lang='lat' dir='ltr'>superbiam,</span> <span class='ocrx_word' id='word_1_33' title='bbox 736 404 845 442; x_wconf 88' lang='lat' dir='ltr'>deservire</span> <span class='ocrx_word' id='word_1_34' title='bbox 864 413 919 455; x_wconf 91' lang='lat' dir='ltr'>pote-</span> 
     </span>
     <span class='ocr_line' id='line_1_6' title="bbox 111 462 920 515; baseline -0.001 -12"><span class='ocrx_word' id='word_1_35' title='bbox 111 473 160 503; x_wconf 87' lang='lat' dir='ltr'>runt</span> <span class='ocrx_word' id='word_1_36' title='bbox 171 464 264 502; x_wconf 88' lang='lat' dir='ltr'>remedia</span> <span class='ocrx_word' id='word_1_37' title='bbox 276 470 349 502; x_wconf 91' lang='lat' dir='ltr'>contra</span> <span class='ocrx_word' id='word_1_38' title='bbox 361 464 480 512; x_wconf 80' lang='lat' dir='ltr'>superbiam</span> <span class='ocrx_word' id='word_1_39' title='bbox 499 464 568 499; x_wconf 86' lang='lat' dir='ltr'>allata.</span> <span class='ocrx_word' id='word_1_40' title='bbox 587 462 703 512; x_wconf 79' lang='lat' dir='ltr'>Signanter</span> <span class='ocrx_word' id='word_1_41' title='bbox 724 468 792 500; x_wconf 90' lang='lat' dir='ltr'>autem</span> <span class='ocrx_word' id='word_1_42' title='bbox 810 464 920 515; x_wconf 86' lang='lat' dir='ltr'>injungen-</span> 
     </span>
     <span class='ocr_line' id='line_1_7' title="bbox 111 514 920 574; baseline -0.004 -11"><span class='ocrx_word' id='word_1_43' title='bbox 111 527 158 563; x_wconf 89' lang='lat' dir='ltr'>dum</span> <span class='ocrx_word' id='word_1_44' title='bbox 170 525 211 562; x_wconf 86' lang='lat' dir='ltr'>erit</span> <span class='ocrx_word' id='word_1_45' title='bbox 221 522 344 574; x_wconf 83' lang='lat' dir='ltr'>poenitenti,</span> <span class='ocrx_word' id='word_1_46' title='bbox 357 529 379 560; x_wconf 95' lang='lat' dir='ltr'>ut</span> <span class='ocrx_word' id='word_1_47' title='bbox 391 523 463 560; x_wconf 90' lang='lat' dir='ltr'>oculos</span> <span class='ocrx_word' id='word_1_48' title='bbox 475 522 499 559; x_wconf 86' lang='lat' dir='ltr'>ad</span> <span class='ocrx_word' id='word_1_49' title='bbox 512 520 597 571; x_wconf 87' lang='lat' dir='ltr'>propria</span> <span class='ocrx_word' id='word_1_50' title='bbox 613 514 702 569; x_wconf 75' lang='lat' dir='ltr'>peccata</span> <span class='ocrx_word' id='word_1_51' title='bbox 715 521 845 572; x_wconf 86' lang='lat' dir='ltr'>inspicienda</span> <span class='ocrx_word' id='word_1_52' title='bbox 860 535 920 572; x_wconf 87' lang='lat' dir='ltr'>aper-</span> 
     </span>
     <span class='ocr_line' id='line_1_8' title="bbox 111 581 921 633; baseline -0.002 -9"><span class='ocrx_word' id='word_1_53' title='bbox 111 592 143 624; x_wconf 91' lang='lat' dir='ltr'>tos</span> <span class='ocrx_word' id='word_1_54' title='bbox 155 585 244 629; x_wconf 89' lang='lat' dir='ltr'>habeat,</span> <span class='ocrx_word' id='word_1_55' title='bbox 263 584 347 621; x_wconf 90' lang='lat' dir='ltr'>clausos</span> <span class='ocrx_word' id='word_1_56' title='bbox 358 595 409 621; x_wconf 87' lang='lat' dir='ltr'>vcro</span> <span class='ocrx_word' id='word_1_57' title='bbox 422 583 447 620; x_wconf 92' lang='lat' dir='ltr'>ad</span> <span class='ocrx_word' id='word_1_58' title='bbox 459 582 526 619; x_wconf 87' lang='lat' dir='ltr'>aliena</span> <span class='ocrx_word' id='word_1_59' title='bbox 543 582 686 619; x_wconf 86' lang='lat' dir='ltr'>observanda:</span> <span class='ocrx_word' id='word_1_60' title='bbox 703 581 817 633; x_wconf 83' lang='lat' dir='ltr'>itanempa</span> <span class='ocrx_word' id='word_1_61' title='bbox 829 595 863 629; x_wconf 88' lang='lat' dir='ltr'>se,</span> <span class='ocrx_word' id='word_1_62' title='bbox 881 596 921 622; x_wconf 89' lang='lat' dir='ltr'>non</span> 
     </span>
     <span class='ocr_line' id='line_1_9' title="bbox 112 642 920 699; baseline -0.002 -12"><span class='ocrx_word' id='word_1_63' title='bbox 112 649 163 688; x_wconf 90' lang='lat' dir='ltr'>alios</span> <span class='ocrx_word' id='word_1_64' title='bbox 176 645 235 699; x_wconf 88' lang='lat' dir='ltr'>parvi</span> <span class='ocrx_word' id='word_1_65' title='bbox 247 645 334 692; x_wconf 89' lang='lat' dir='ltr'>faciens,</span> <span class='ocrx_word' id='word_1_66' title='bbox 347 645 439 697; x_wconf 86' lang='lat' dir='ltr'>seipsum</span> <span class='ocrx_word' id='word_1_67' title='bbox 451 642 602 691; x_wconf 80' lang='lat' dir='ltr'>condemnabit,</span> <span class='ocrx_word' id='word_1_68' title='bbox 615 643 639 682; x_wconf 90' lang='lat' dir='ltr'>de</span> <span class='ocrx_word' id='word_1_69' title='bbox 652 642 698 683; x_wconf 92' lang='lat' dir='ltr'>aliis</span> <span class='ocrx_word' id='word_1_70' title='bbox 710 656 761 683; x_wconf 89' lang='lat' dir='ltr'>vero</span> <span class='ocrx_word' id='word_1_71' title='bbox 773 645 826 685; x_wconf 92' lang='lat' dir='ltr'>bene</span> <span class='ocrx_word' id='word_1_72' title='bbox 838 645 920 686; x_wconf 90' lang='lat' dir='ltr'>sentiet.</span> 
     </span>
    </p>

    <p class='ocr_par' dir='ltr' id='par_1_4' title="bbox 111 707 923 1304">
     <span class='ocr_line' id='line_1_10' title="bbox 187 707 921 760; baseline -0.001 -11"><span class='ocrx_word' id='word_1_73' title='bbox 187 712 266 749; x_wconf 75' lang='lat' dir='ltr'>Contra</span> <span class='ocrx_word' id='word_1_74' title='bbox 279 710 369 760; x_wconf 86' lang='lat' dir='ltr'>quintam</span> <span class='ocrx_word' id='word_1_75' title='bbox 381 707 485 754; x_wconf 86' lang='lat' dir='ltr'>radicem,</span> <span class='ocrx_word' id='word_1_76' title='bbox 501 719 553 758; x_wconf 84' lang='lat' dir='ltr'>qnae</span> <span class='ocrx_word' id='word_1_77' title='bbox 565 713 598 746; x_wconf 90' lang='lat' dir='ltr'>est</span> <span class='ocrx_word' id='word_1_78' title='bbox 609 707 662 746; x_wconf 88' lang='lat' dir='ltr'>levis</span> <span class='ocrx_word' id='word_1_79' title='bbox 674 707 795 754; x_wconf 84' lang='lat' dir='ltr'>credulitas,</span> <span class='ocrx_word' id='word_1_80' title='bbox 805 710 921 748; x_wconf 89' lang='lat' dir='ltr'>remedium</span> 
     </span>
     <span class='ocr_line' id='line_1_11' title="bbox 113 769 921 819; baseline -0.004 -7"><span class='ocrx_word' id='word_1_81' title='bbox 113 781 153 819; x_wconf 86' lang='lat' dir='ltr'>est,</span> <span class='ocrx_word' id='word_1_82' title='bbox 166 780 245 811; x_wconf 89' lang='lat' dir='ltr'>attente</span> <span class='ocrx_word' id='word_1_83' title='bbox 258 771 403 816; x_wconf 86' lang='lat' dir='ltr'>considerare,</span> <span class='ocrx_word' id='word_1_84' title='bbox 422 782 482 819; x_wconf 86' lang='lat' dir='ltr'>quam</span> <span class='ocrx_word' id='word_1_85' title='bbox 494 769 558 807; x_wconf 81' lang='lat' dir='ltr'>fallax</span> <span class='ocrx_word' id='word_1_86' title='bbox 576 769 604 807; x_wconf 91' lang='lat' dir='ltr'>sit</span> <span class='ocrx_word' id='word_1_87' title='bbox 611 769 712 818; x_wconf 86' lang='lat' dir='ltr'>judicium</span> <span class='ocrx_word' id='word_1_88' title='bbox 731 769 849 814; x_wconf 84' lang='lat' dir='ltr'>humanum,</span> <span class='ocrx_word' id='word_1_89' title='bbox 865 771 921 809; x_wconf 85' lang='lat' dir='ltr'>ideo·</span> 
     </span>
     <span class='ocr_line' id='line_1_12' title="bbox 112 830 922 885; baseline -0.002 -13"><span class='ocrx_word' id='word_1_90' title='bbox 112 847 151 885; x_wconf 91' lang='lat' dir='ltr'>que</span> <span class='ocrx_word' id='word_1_91' title='bbox 163 834 214 871; x_wconf 90' lang='lat' dir='ltr'>nihil</span> <span class='ocrx_word' id='word_1_92' title='bbox 227 833 290 871; x_wconf 87' lang='lat' dir='ltr'>tutius</span> <span class='ocrx_word' id='word_1_93' title='bbox 302 843 357 876; x_wconf 89' lang='lat' dir='ltr'>esse,</span> <span class='ocrx_word' id='word_1_94' title='bbox 370 843 430 881; x_wconf 89' lang='lat' dir='ltr'>quam</span> <span class='ocrx_word' id='word_1_95' title='bbox 443 831 532 868; x_wconf 87' lang='lat' dir='ltr'>animum</span> <span class='ocrx_word' id='word_1_96' title='bbox 545 843 556 867; x_wconf 90' lang='lat' dir='ltr'>a</span> <span class='ocrx_word' id='word_1_97' title='bbox 574 830 695 879; x_wconf 81' lang='lat' dir='ltr'>suspicione</span> <span class='ocrx_word' id='word_1_98' title='bbox 707 836 728 868; x_wconf 91' lang='lat' dir='ltr'>et</span> <span class='ocrx_word' id='word_1_99' title='bbox 741 830 821 879; x_wconf 87' lang='lat' dir='ltr'>judicio</span> <span class='ocrx_word' id='word_1_100' title='bbox 834 830 859 868; x_wconf 91' lang='lat' dir='ltr'>de</span> <span class='ocrx_word' id='word_1_101' title='bbox 873 843 922 880; x_wconf 89' lang='lat' dir='ltr'>pec-</span> 
     </span>
     <span class='ocr_line' id='line_1_13' title="bbox 113 891 922 945; baseline -0.005 -11"><span class='ocrx_word' id='word_1_102' title='bbox 113 896 167 935; x_wconf 91' lang='lat' dir='ltr'>catis</span> <span class='ocrx_word' id='word_1_103' title='bbox 180 894 252 932; x_wconf 89' lang='lat' dir='ltr'>alienis</span> <span class='ocrx_word' id='word_1_104' title='bbox 265 893 375 938; x_wconf 79' lang='lat' dir='ltr'>cohibere,</span> <span class='ocrx_word' id='word_1_105' title='bbox 394 898 415 930; x_wconf 91' lang='lat' dir='ltr'>et</span> <span class='ocrx_word' id='word_1_106' title='bbox 429 892 518 930; x_wconf 89' lang='lat' dir='ltr'>incertis</span> <span class='ocrx_word' id='word_1_107' title='bbox 533 891 652 929; x_wconf 86' lang='lat' dir='ltr'>rumoribus</span> <span class='ocrx_word' id='word_1_108' title='bbox 670 891 690 928; x_wconf 93' lang='lat' dir='ltr'>in</span> <span class='ocrx_word' id='word_1_109' title='bbox 710 891 798 941; x_wconf 86' lang='lat' dir='ltr'>proximi</span> <span class='ocrx_word' id='word_1_110' title='bbox 815 891 922 945; x_wconf 89' lang='lat' dir='ltr'>infamiam</span> 
     </span>
     <span class='ocr_line' id='line_1_14' title="bbox 112 952 922 1001; baseline -0.005 -6"><span class='ocrx_word' id='word_1_111' title='bbox 112 957 228 1000; x_wconf 87' lang='lat' dir='ltr'>ruentibus,</span> <span class='ocrx_word' id='word_1_112' title='bbox 242 956 318 992; x_wconf 92' lang='lat' dir='ltr'>nullam</span> <span class='ocrx_word' id='word_1_113' title='bbox 330 954 390 992; x_wconf 88' lang='lat' dir='ltr'>fidem</span> <span class='ocrx_word' id='word_1_114' title='bbox 403 952 509 997; x_wconf 88' lang='lat' dir='ltr'>adhibere,</span> <span class='ocrx_word' id='word_1_115' title='bbox 524 952 585 1001; x_wconf 87' lang='lat' dir='ltr'>juxta</span> <span class='ocrx_word' id='word_1_116' title='bbox 597 952 646 990; x_wconf 89' lang='lat' dir='ltr'>illud</span> <span class='ocrx_word' id='word_1_117' title='bbox 658 952 752 991; x_wconf 88' lang='lat' dir='ltr'>salutare</span> <span class='ocrx_word' id='word_1_118' title='bbox 770 953 869 991; x_wconf 92' lang='lat' dir='ltr'>monitum</span> <span class='ocrx_word' id='word_1_119' title='bbox 886 966 922 991; x_wconf 83' lang='lat' dir='ltr'>ve-</span> 
     </span>
     <span class='ocr_line' id='line_1_15' title="bbox 112 1013 922 1064; baseline -0.004 -9"><span class='ocrx_word' id='word_1_120' title='bbox 112 1017 211 1055; x_wconf 88' lang='lat' dir='ltr'>nerabilis</span> <span class='ocrx_word' id='word_1_121' title='bbox 224 1015 360 1064; x_wconf 87' lang='lat' dir='ltr'>Kempensis:</span> <span class='ocrx_word' id='word_1_122' title='bbox 378 1015 437 1053; x_wconf 67' lang='lat' dir='ltr'>„nun</span> <span class='ocrx_word' id='word_1_123' title='bbox 450 1021 482 1051; x_wconf 94' lang='lat' dir='ltr'>est</span> <span class='ocrx_word' id='word_1_124' title='bbox 494 1014 619 1051; x_wconf 89' lang='lat' dir='ltr'>eredendum</span> <span class='ocrx_word' id='word_1_125' title='bbox 632 1013 686 1051; x_wconf 89' lang='lat' dir='ltr'>omni</span> <span class='ocrx_word' id='word_1_126' title='bbox 697 1014 776 1057; x_wconf 82' lang='lat' dir='ltr'>verbo,</span> <span class='ocrx_word' id='word_1_127' title='bbox 793 1026 831 1052; x_wconf 89' lang='lat' dir='ltr'>nec</span> <span class='ocrx_word' id='word_1_128' title='bbox 849 1014 922 1052; x_wconf 88' lang='lat' dir='ltr'>instin-</span> 
     </span>
     <span class='ocr_line' id='line_1_16' title="bbox 112 1073 921 1124; baseline -0.006 -9"><span class='ocrx_word' id='word_1_129' title='bbox 112 1077 161 1119; x_wconf 85' lang='lat' dir='ltr'>ctui,</span> <span class='ocrx_word' id='word_1_130' title='bbox 174 1076 210 1112; x_wconf 88' lang='lat' dir='ltr'>sed</span> <span class='ocrx_word' id='word_1_131' title='bbox 223 1081 284 1113; x_wconf 87' lang='lat' dir='ltr'>caute</span> <span class='ocrx_word' id='word_1_132' title='bbox 297 1081 317 1111; x_wconf 90' lang='lat' dir='ltr'>et</span> <span class='ocrx_word' id='word_1_133' title='bbox 328 1074 478 1124; x_wconf 89' lang='lat' dir='ltr'>longanimiter</span> <span class='ocrx_word' id='word_1_134' title='bbox 493 1086 529 1109; x_wconf 90' lang='lat' dir='ltr'>res</span> <span class='ocrx_word' id='word_1_135' title='bbox 547 1080 579 1110; x_wconf 89' lang='lat' dir='ltr'>est</span> <span class='ocrx_word' id='word_1_136' title='bbox 594 1073 708 1110; x_wconf 88' lang='lat' dir='ltr'>secundum</span> <span class='ocrx_word' id='word_1_137' title='bbox 722 1074 790 1110; x_wconf 89' lang='lat' dir='ltr'>Deum</span> <span class='ocrx_word' id='word_1_138' title='bbox 805 1073 921 1121; x_wconf 89' lang='lat' dir='ltr'>ponderan-</span> 
     </span>
     <span class='ocr_line' id='line_1_17' title="bbox 112 1132 923 1182; baseline -0.001 -11"><span class='ocrx_word' id='word_1_139' title='bbox 112 1137 143 1173; x_wconf 89' lang='lat' dir='ltr'>da.</span> <span class='ocrx_word' id='word_1_140' title='bbox 156 1157 185 1162; x_wconf 90' lang='lat'>—-</span> <span class='ocrx_word' id='word_1_141' title='bbox 197 1157 226 1161; x_wconf 97' lang='lat'><strong>—</strong></span> <span class='ocrx_word' id='word_1_142' title='bbox 242 1133 337 1170; x_wconf 89' lang='lat' dir='ltr'>Perfecti</span> <span class='ocrx_word' id='word_1_143' title='bbox 353 1133 395 1169; x_wconf 90' lang='lat' dir='ltr'>viri</span> <span class='ocrx_word' id='word_1_144' title='bbox 411 1144 451 1169; x_wconf 94' lang='lat' dir='ltr'>non</span> <span class='ocrx_word' id='word_1_145' title='bbox 468 1133 530 1169; x_wconf 91' lang='lat' dir='ltr'>facile</span> <span class='ocrx_word' id='word_1_146' title='bbox 548 1132 636 1169; x_wconf 87' lang='lat' dir='ltr'>credunt</span> <span class='ocrx_word' id='word_1_147' title='bbox 657 1133 712 1169; x_wconf 92' lang='lat' dir='ltr'>omni</span> <span class='ocrx_word' id='word_1_148' title='bbox 729 1134 849 1177; x_wconf 80' lang='lat' dir='ltr'>enarranti,</span> <span class='ocrx_word' id='word_1_149' title='bbox 876 1133 923 1182; x_wconf 89' lang='lat' dir='ltr'>quia</span> 
     </span>
     <span class='ocr_line' id='line_1_18' title="bbox 112 1192 923 1241; baseline -0.001 -8"><span class='ocrx_word' id='word_1_150' title='bbox 112 1197 182 1234; x_wconf 90' lang='lat' dir='ltr'>sciunt</span> <span class='ocrx_word' id='word_1_151' title='bbox 193 1193 335 1232; x_wconf 86' lang='lat' dir='ltr'>infirmitatem</span> <span class='ocrx_word' id='word_1_152' title='bbox 349 1192 458 1230; x_wconf 86' lang='lat' dir='ltr'>humanam</span> <span class='ocrx_word' id='word_1_153' title='bbox 471 1192 495 1230; x_wconf 91' lang='lat' dir='ltr'>ad</span> <span class='ocrx_word' id='word_1_154' title='bbox 507 1193 582 1230; x_wconf 87' lang='lat' dir='ltr'>malum</span> <span class='ocrx_word' id='word_1_155' title='bbox 595 1192 716 1241; x_wconf 87' lang='lat' dir='ltr'>proclivem,</span> <span class='ocrx_word' id='word_1_156' title='bbox 729 1192 780 1230; x_wconf 91' lang='lat' dir='ltr'>etin</span> <span class='ocrx_word' id='word_1_157' title='bbox 790 1192 861 1231; x_wconf 88' lang='lat' dir='ltr'>verbis</span> <span class='ocrx_word' id='word_1_158' title='bbox 870 1194 923 1232; x_wconf 87' lang='lat' dir='ltr'>satis</span> 
     </span>
     <span class='ocr_line' id='line_1_19' title="bbox 111 1253 228 1304; baseline -0.017 -8"><span class='ocrx_word' id='word_1_159' title='bbox 111 1256 193 1296; x_wconf 91' lang='lat' dir='ltr'>labilem</span> <span class='ocrx_word' id='word_1_160' title='bbox 202 1253 228 1304; x_wconf 78' lang='lat'>¹).</span> 
     </span>
    </p>

    <p class='ocr_par' dir='ltr' id='par_1_5' title="bbox 112 1317 925 1616">
     <span class='ocr_line' id='line_1_20' title="bbox 187 1317 925 1370; baseline 0.001 -11"><span class='ocrx_word' id='word_1_161' title='bbox 187 1320 265 1359; x_wconf 72' lang='lat' dir='ltr'>Contra</span> <span class='ocrx_word' id='word_1_162' title='bbox 277 1324 358 1358; x_wconf 86' lang='lat' dir='ltr'>sextam</span> <span class='ocrx_word' id='word_1_163' title='bbox 370 1318 469 1365; x_wconf 85' lang='lat' dir='ltr'>radicem,</span> <span class='ocrx_word' id='word_1_164' title='bbox 482 1317 564 1357; x_wconf 84' lang='lat' dir='ltr'>scilicet</span> <span class='ocrx_word' id='word_1_165' title='bbox 575 1317 727 1370; x_wconf 79' lang='lat' dir='ltr'>ignorantiam,</span> <span class='ocrx_word' id='word_1_166' title='bbox 739 1319 875 1359; x_wconf 88' lang='lat' dir='ltr'>instruendus</span> <span class='ocrx_word' id='word_1_167' title='bbox 892 1328 925 1360; x_wconf 88' lang='lat' dir='ltr'>est</span> 
     </span>
     <span class='ocr_line' id='line_1_21' title="bbox 112 1381 924 1435; baseline 0 -13"><span class='ocrx_word' id='word_1_168' title='bbox 112 1384 221 1435; x_wconf 88' lang='lat' dir='ltr'>poenitens</span> <span class='ocrx_word' id='word_1_169' title='bbox 234 1382 291 1420; x_wconf 89' lang='lat' dir='ltr'>etde</span> <span class='ocrx_word' id='word_1_170' title='bbox 309 1382 403 1432; x_wconf 88' lang='lat' dir='ltr'>opposito</span> <span class='ocrx_word' id='word_1_171' title='bbox 421 1382 481 1431; x_wconf 87' lang='lat' dir='ltr'>plene</span> <span class='ocrx_word' id='word_1_172' title='bbox 500 1381 666 1428; x_wconf 87' lang='lat' dir='ltr'>convincendus,</span> <span class='ocrx_word' id='word_1_173' title='bbox 685 1394 758 1432; x_wconf 90' lang='lat' dir='ltr'>nempe</span> <span class='ocrx_word' id='word_1_174' title='bbox 777 1382 924 1429; x_wconf 83' lang='lat' dir='ltr'>dubitationes,</span> 
     </span>
     <span class='ocr_line' id='line_1_22' title="bbox 113 1442 923 1496; baseline -0.001 -12"><span class='ocrx_word' id='word_1_175' title='bbox 113 1446 253 1496; x_wconf 68' lang='lat' dir='ltr'>suspiciones</span> <span class='ocrx_word' id='word_1_176' title='bbox 266 1443 372 1493; x_wconf 86' lang='lat' dir='ltr'>opiniones</span> <span class='ocrx_word' id='word_1_177' title='bbox 385 1450 406 1481; x_wconf 92' lang='lat' dir='ltr'>et</span> <span class='ocrx_word' id='word_1_178' title='bbox 414 1443 494 1491; x_wconf 87' lang='lat' dir='ltr'>judicia</span> <span class='ocrx_word' id='word_1_179' title='bbox 505 1442 620 1480; x_wconf 90' lang='lat' dir='ltr'>temeraria</span> <span class='ocrx_word' id='word_1_180' title='bbox 632 1443 656 1481; x_wconf 92' lang='lat' dir='ltr'>de</span> <span class='ocrx_word' id='word_1_181' title='bbox 668 1444 762 1492; x_wconf 85' lang='lat' dir='ltr'>proximo</span> <span class='ocrx_word' id='word_1_182' title='bbox 774 1444 795 1481; x_wconf 91' lang='lat' dir='ltr'>in</span> <span class='ocrx_word' id='word_1_183' title='bbox 807 1444 869 1495; x_wconf 88' lang='lat' dir='ltr'>gravi</span> <span class='ocrx_word' id='word_1_184' title='bbox 880 1457 923 1483; x_wconf 85' lang='lat' dir='ltr'>ma·</span> 
     </span>
     <span class='ocr_line' id='line_1_23' title="bbox 113 1504 924 1555; baseline 0 -10"><span class='ocrx_word' id='word_1_185' title='bbox 113 1507 174 1552; x_wconf 86' lang='lat' dir='ltr'>teria,</span> <span class='ocrx_word' id='word_1_186' title='bbox 187 1507 205 1544; x_wconf 92' lang='lat' dir='ltr'>si</span> <span class='ocrx_word' id='word_1_187' title='bbox 217 1505 258 1544; x_wconf 88' lang='lat' dir='ltr'>sint</span> <span class='ocrx_word' id='word_1_188' title='bbox 270 1505 364 1555; x_wconf 86' lang='lat' dir='ltr'>perfecte</span> <span class='ocrx_word' id='word_1_189' title='bbox 377 1504 506 1548; x_wconf 88' lang='lat' dir='ltr'>deliberata,</span> <span class='ocrx_word' id='word_1_190' title='bbox 525 1504 565 1542; x_wconf 90' lang='lat' dir='ltr'>etsi</span> <span class='ocrx_word' id='word_1_191' title='bbox 578 1504 671 1542; x_wconf 81' lang='lat' dir='ltr'>exterius</span> <span class='ocrx_word' id='word_1_192' title='bbox 683 1517 722 1542; x_wconf 94' lang='lat' dir='ltr'>non</span> <span class='ocrx_word' id='word_1_193' title='bbox 741 1505 868 1555; x_wconf 83' lang='lat' dir='ltr'>prodantur,</span> <span class='ocrx_word' id='word_1_194' title='bbox 886 1519 924 1545; x_wconf 91' lang='lat' dir='ltr'>nec</span> 
     </span>
     <span class='ocr_line' id='line_1_24' title="bbox 114 1559 810 1616; baseline -0.003 -10"><span class='ocrx_word' id='word_1_195' title='bbox 114 1568 175 1607; x_wconf 87' lang='lat' dir='ltr'>alteri</span> <span class='ocrx_word' id='word_1_196' title='bbox 187 1567 315 1611; x_wconf 89' lang='lat' dir='ltr'>revelentur,</span> <span class='ocrx_word' id='word_1_197' title='bbox 328 1559 415 1616; x_wconf 73' lang='lat' dir='ltr'>gravem</span> <span class='ocrx_word' id='word_1_198' title='bbox 428 1566 535 1603; x_wconf 86' lang='lat' dir='ltr'>continere</span> <span class='ocrx_word' id='word_1_199' title='bbox 547 1565 644 1613; x_wconf 88' lang='lat' dir='ltr'>injuriam</span> <span class='ocrx_word' id='word_1_200' title='bbox 656 1565 676 1602; x_wconf 97' lang='lat' dir='ltr'>in</span> <span class='ocrx_word' id='word_1_201' title='bbox 688 1566 810 1615; x_wconf 87' lang='lat' dir='ltr'>proximum.</span> 
     </span>
    </p>

    <p class='ocr_par' dir='ltr' id='par_1_6' title="bbox 113 1625 927 2230">
     <span class='ocr_line' id='line_1_25' title="bbox 188 1625 925 1677; baseline 0.001 -13"><span class='ocrx_word' id='word_1_202' title='bbox 188 1628 267 1664; x_wconf 76' lang='lat' dir='ltr'>Contra</span> <span class='ocrx_word' id='word_1_203' title='bbox 279 1626 388 1675; x_wconf 85' lang='lat' dir='ltr'>septimam</span> <span class='ocrx_word' id='word_1_204' title='bbox 399 1626 500 1670; x_wconf 82' lang='lat' dir='ltr'>radicem,</span> <span class='ocrx_word' id='word_1_205' title='bbox 516 1625 590 1670; x_wconf 88' lang='lat' dir='ltr'>idest,</span> <span class='ocrx_word' id='word_1_206' title='bbox 609 1625 683 1662; x_wconf 90' lang='lat' dir='ltr'>falsam</span> <span class='ocrx_word' id='word_1_207' title='bbox 700 1627 870 1675; x_wconf 79' lang='lat' dir='ltr'>persuasionem,</span> <span class='ocrx_word' id='word_1_208' title='bbox 885 1640 925 1677; x_wconf 90' lang='lat' dir='ltr'>qua</span> 
     </span>
     <span class='ocr_line' id='line_1_26' title="bbox 115 1685 924 1739; baseline -0.001 -13"><span class='ocrx_word' id='word_1_209' title='bbox 115 1688 160 1739; x_wconf 92' lang='lat' dir='ltr'>quis</span> <span class='ocrx_word' id='word_1_210' title='bbox 173 1700 198 1725; x_wconf 80' lang='lat' dir='ltr'>ex</span> <span class='ocrx_word' id='word_1_211' title='bbox 209 1686 369 1736; x_wconf 80' lang='lat' dir='ltr'>physiognomia</span> <span class='ocrx_word' id='word_1_212' title='bbox 381 1686 468 1723; x_wconf 92' lang='lat' dir='ltr'>alterius</span> <span class='ocrx_word' id='word_1_213' title='bbox 481 1685 573 1735; x_wconf 79' lang='lat' dir='ltr'>colligit,</span> <span class='ocrx_word' id='word_1_214' title='bbox 593 1697 639 1723; x_wconf 91' lang='lat' dir='ltr'>eum</span> <span class='ocrx_word' id='word_1_215' title='bbox 652 1685 687 1723; x_wconf 93' lang='lat' dir='ltr'>tali</span> <span class='ocrx_word' id='word_1_216' title='bbox 706 1687 739 1723; x_wconf 92' lang='lat' dir='ltr'>vel</span> <span class='ocrx_word' id='word_1_217' title='bbox 752 1686 788 1723; x_wconf 91' lang='lat' dir='ltr'>tali</span> <span class='ocrx_word' id='word_1_218' title='bbox 805 1687 856 1724; x_wconf 91' lang='lat' dir='ltr'>vitio</span> <span class='ocrx_word' id='word_1_219' title='bbox 868 1688 924 1725; x_wconf 83' lang='lat' dir='ltr'>lobo-</span> 
     </span>
     <span class='ocr_line' id='line_1_27' title="bbox 113 1746 924 1795; baseline -0.001 -10"><span class='ocrx_word' id='word_1_220' title='bbox 113 1760 170 1791; x_wconf 86' lang='lat' dir='ltr'>rare,</span> <span class='ocrx_word' id='word_1_221' title='bbox 183 1760 220 1795; x_wconf 88' lang='lat' dir='ltr'>pro</span> <span class='ocrx_word' id='word_1_222' title='bbox 233 1746 325 1782; x_wconf 91' lang='lat' dir='ltr'>remedio</span> <span class='ocrx_word' id='word_1_223' title='bbox 338 1746 372 1789; x_wconf 91' lang='lat' dir='ltr'>sit,</span> <span class='ocrx_word' id='word_1_224' title='bbox 386 1747 442 1783; x_wconf 84' lang='lat' dir='ltr'>clare</span> <span class='ocrx_word' id='word_1_225' title='bbox 455 1746 601 1782; x_wconf 88' lang='lat' dir='ltr'>demonstrare</span> <span class='ocrx_word' id='word_1_226' title='bbox 612 1746 675 1782; x_wconf 89' lang='lat' dir='ltr'>istius</span> <span class='ocrx_word' id='word_1_227' title='bbox 687 1747 831 1793; x_wconf 87' lang='lat' dir='ltr'>persuasionis</span> <span class='ocrx_word' id='word_1_228' title='bbox 844 1747 924 1784; x_wconf 85' lang='lat' dir='ltr'>falsita-</span> 
     </span>
     <span class='ocr_line' id='line_1_28' title="bbox 114 1803 925 1854; baseline 0 -10"><span class='ocrx_word' id='word_1_229' title='bbox 114 1815 162 1844; x_wconf 91' lang='lat' dir='ltr'>tem.</span> <span class='ocrx_word' id='word_1_230' title='bbox 175 1806 223 1843; x_wconf 81' lang='lat' dir='ltr'>ntsi</span> <span class='ocrx_word' id='word_1_231' title='bbox 235 1806 288 1841; x_wconf 88' lang='lat' dir='ltr'>enim</span> <span class='ocrx_word' id='word_1_232' title='bbox 301 1816 326 1841; x_wconf 78' lang='lat' dir='ltr'>ex</span> <span class='ocrx_word' id='word_1_233' title='bbox 338 1804 409 1842; x_wconf 91' lang='lat' dir='ltr'>habitu</span> <span class='ocrx_word' id='word_1_234' title='bbox 422 1811 443 1841; x_wconf 88' lang='lat' dir='ltr'>et</span> <span class='ocrx_word' id='word_1_235' title='bbox 454 1803 614 1841; x_wconf 82' lang='lat' dir='ltr'>delineamentis</span> <span class='ocrx_word' id='word_1_236' title='bbox 627 1805 723 1853; x_wconf 88' lang='lat' dir='ltr'>eorporis</span> <span class='ocrx_word' id='word_1_237' title='bbox 735 1811 808 1854; x_wconf 88' lang='lat' dir='ltr'>posset</span> <span class='ocrx_word' id='word_1_238' title='bbox 825 1806 925 1844; x_wconf 87' lang='lat' dir='ltr'>fortassis</span> 
     </span>
     <span class='ocr_line' id='line_1_29' title="bbox 115 1865 925 1917; baseline 0 -12"><span class='ocrx_word' id='word_1_239' title='bbox 115 1869 182 1917; x_wconf 90' lang='lat' dir='ltr'>aliquo</span> <span class='ocrx_word' id='word_1_240' title='bbox 195 1866 254 1904; x_wconf 90' lang='lat' dir='ltr'>modo</span> <span class='ocrx_word' id='word_1_241' title='bbox 267 1865 339 1915; x_wconf 80' lang='lat' dir='ltr'>colligi</span> <span class='ocrx_word' id='word_1_242' title='bbox 355 1865 472 1910; x_wconf 89' lang='lat' dir='ltr'>inclinatio,</span> <span class='ocrx_word' id='word_1_243' title='bbox 490 1865 535 1902; x_wconf 87' lang='lat' dir='ltr'>sive</span> <span class='ocrx_word' id='word_1_244' title='bbox 546 1865 658 1915; x_wconf 91' lang='lat' dir='ltr'>propensio</span> <span class='ocrx_word' id='word_1_245' title='bbox 677 1865 778 1903; x_wconf 89' lang='lat' dir='ltr'>naturalis</span> <span class='ocrx_word' id='word_1_246' title='bbox 794 1867 883 1916; x_wconf 84' lang='lat' dir='ltr'>subjecti</span> <span class='ocrx_word' id='word_1_247' title='bbox 901 1868 925 1905; x_wconf 91' lang='lat' dir='ltr'>ad</span> 
     </span>
     <span class='ocr_line' id='line_1_30' title="bbox 115 1926 925 1979; baseline 0.001 -10"><span class='ocrx_word' id='word_1_248' title='bbox 115 1931 156 1970; x_wconf 87' lang='lat' dir='ltr'>tale</span> <span class='ocrx_word' id='word_1_249' title='bbox 167 1929 200 1968; x_wconf 79' lang='lat' dir='ltr'>rel</span> <span class='ocrx_word' id='word_1_250' title='bbox 209 1927 337 1974; x_wconf 82' lang='lat' dir='ltr'>taleritium,</span> <span class='ocrx_word' id='word_1_251' title='bbox 346 1940 398 1979; x_wconf 88' lang='lat' dir='ltr'>quae</span> <span class='ocrx_word' id='word_1_252' title='bbox 405 1926 517 1979; x_wconf 89' lang='lat' dir='ltr'>propensio</span> <span class='ocrx_word' id='word_1_253' title='bbox 526 1940 572 1967; x_wconf 92' lang='lat' dir='ltr'>cum</span> <span class='ocrx_word' id='word_1_254' title='bbox 582 1926 670 1976; x_wconf 81' lang='lat' dir='ltr'>maxima</span> <span class='ocrx_word' id='word_1_255' title='bbox 677 1927 808 1979; x_wconf 89' lang='lat' dir='ltr'>probabitate</span> <span class='ocrx_word' id='word_1_256' title='bbox 817 1929 925 1970; x_wconf 90' lang='lat' dir='ltr'>consistit:</span> 
     </span>
     <span class='ocr_line' id='line_1_31' title="bbox 116 1991 927 2045; baseline 0.001 -12"><span class='ocrx_word' id='word_1_257' title='bbox 116 1994 163 2033; x_wconf 84' lang='lat' dir='ltr'>inde</span> <span class='ocrx_word' id='word_1_258' title='bbox 176 1999 235 2032; x_wconf 89' lang='lat' dir='ltr'>certe</span> <span class='ocrx_word' id='word_1_259' title='bbox 247 1992 366 2043; x_wconf 88' lang='lat' dir='ltr'>neutiquam</span> <span class='ocrx_word' id='word_1_260' title='bbox 379 1992 450 2044; x_wconf 86' lang='lat' dir='ltr'>colligi</span> <span class='ocrx_word' id='word_1_261' title='bbox 462 1997 538 2042; x_wconf 83' lang='lat' dir='ltr'>potest,</span> <span class='ocrx_word' id='word_1_262' title='bbox 550 2004 661 2042; x_wconf 89' lang='lat' dir='ltr'>personam</span> <span class='ocrx_word' id='word_1_263' title='bbox 674 1991 736 2031; x_wconf 91' lang='lat' dir='ltr'>istam</span> <span class='ocrx_word' id='word_1_264' title='bbox 749 1992 785 2031; x_wconf 91' lang='lat' dir='ltr'>tali</span> <span class='ocrx_word' id='word_1_265' title='bbox 791 1994 927 2045; x_wconf 88' lang='lat' dir='ltr'>propensioni</span> 
     </span>
     <span class='ocr_line' id='line_1_32' title="bbox 115 2053 927 2105; baseline 0.001 -11"><span class='ocrx_word' id='word_1_266' title='bbox 115 2055 233 2095; x_wconf 84' lang='lat' dir='ltr'>voluntarie</span> <span class='ocrx_word' id='word_1_267' title='bbox 247 2054 339 2104; x_wconf 85' lang='lat' dir='ltr'>obsequi,</span> <span class='ocrx_word' id='word_1_268' title='bbox 353 2067 390 2092; x_wconf 90' lang='lat' dir='ltr'>seu</span> <span class='ocrx_word' id='word_1_269' title='bbox 402 2053 541 2092; x_wconf 91' lang='lat' dir='ltr'>voluntarium</span> <span class='ocrx_word' id='word_1_270' title='bbox 554 2066 678 2093; x_wconf 82' lang='lat' dir='ltr'>consensum</span> <span class='ocrx_word' id='word_1_271' title='bbox 691 2056 800 2104; x_wconf 85' lang='lat' dir='ltr'>praebere.</span> <span class='ocrx_word' id='word_1_272' title='bbox 813 2057 856 2094; x_wconf 82' lang='lat' dir='ltr'>nno</span> <span class='ocrx_word' id='word_1_273' title='bbox 864 2056 927 2105; x_wconf 84' lang='lat' dir='ltr'>juxta</span> 
     </span>
     <span class='ocr_line' id='line_1_33' title="bbox 115 2116 925 2170; baseline 0 -14"><span class='ocrx_word' id='word_1_274' title='bbox 115 2119 202 2170; x_wconf 87' lang='lat' dir='ltr'>regulas</span> <span class='ocrx_word' id='word_1_275' title='bbox 220 2116 348 2155; x_wconf 88' lang='lat' dir='ltr'>christianae</span> <span class='ocrx_word' id='word_1_276' title='bbox 366 2116 484 2161; x_wconf 87' lang='lat' dir='ltr'>charitatis,</span> <span class='ocrx_word' id='word_1_277' title='bbox 502 2116 618 2166; x_wconf 89' lang='lat' dir='ltr'>oppositum</span> <span class='ocrx_word' id='word_1_278' title='bbox 638 2116 719 2155; x_wconf 92' lang='lat' dir='ltr'>omnino</span> <span class='ocrx_word' id='word_1_279' title='bbox 733 2117 867 2166; x_wconf 89' lang='lat' dir='ltr'>judicandum</span> <span class='ocrx_word' id='word_1_280' title='bbox 886 2125 925 2164; x_wconf 86' lang='lat' dir='ltr'>est,</span> 
     </span>
     <span class='ocr_line' id='line_1_34' title="bbox 116 2177 673 2230; baseline -0.007 -13"><span class='ocrx_word' id='word_1_281' title='bbox 116 2179 211 2230; x_wconf 87' lang='lat' dir='ltr'>quamdiu</span> <span class='ocrx_word' id='word_1_282' title='bbox 224 2177 358 2227; x_wconf 84' lang='lat' dir='ltr'>apertissima</span> <span class='ocrx_word' id='word_1_283' title='bbox 369 2177 446 2215; x_wconf 88' lang='lat' dir='ltr'>indicia</span> <span class='ocrx_word' id='word_1_284' title='bbox 457 2177 477 2215; x_wconf 89' lang='lat' dir='ltr'>id</span> <span class='ocrx_word' id='word_1_285' title='bbox 489 2190 529 2214; x_wconf 92' lang='lat' dir='ltr'>non</span> <span class='ocrx_word' id='word_1_286' title='bbox 541 2178 673 2216; x_wconf 89' lang='lat' dir='ltr'>convincunt.</span> 
     </span>
    </p>

    <p class='ocr_par' dir='ltr' id='par_1_7' title="bbox 117 2237 930 2468">
     <span class='ocr_line' id='line_1_35' title="bbox 191 2237 925 2287; baseline 0 -10"><span class='ocrx_word' id='word_1_287' title='bbox 191 2240 269 2277; x_wconf 76' lang='lat' dir='ltr'>Contra</span> <span class='ocrx_word' id='word_1_288' title='bbox 281 2245 376 2276; x_wconf 83' lang='lat' dir='ltr'>octavam</span> <span class='ocrx_word' id='word_1_289' title='bbox 388 2238 488 2282; x_wconf 87' lang='lat' dir='ltr'>radicem,</span> <span class='ocrx_word' id='word_1_290' title='bbox 506 2250 558 2286; x_wconf 86' lang='lat' dir='ltr'>quae</span> <span class='ocrx_word' id='word_1_291' title='bbox 570 2244 603 2275; x_wconf 92' lang='lat' dir='ltr'>est</span> <span class='ocrx_word' id='word_1_292' title='bbox 614 2250 692 2287; x_wconf 87' lang='lat' dir='ltr'>pravus</span> <span class='ocrx_word' id='word_1_293' title='bbox 707 2237 789 2276; x_wconf 89' lang='lat' dir='ltr'>habitus</span> <span class='ocrx_word' id='word_1_294' title='bbox 802 2245 822 2276; x_wconf 90' lang='lat' dir='ltr'>et</span> <span class='ocrx_word' id='word_1_295' title='bbox 838 2251 925 2278; x_wconf 91' lang='lat' dir='ltr'>consue-</span> 
     </span>
     <span class='ocr_line' id='line_1_36' title="bbox 117 2297 929 2349; baseline 0.001 -12"><span class='ocrx_word' id='word_1_296' title='bbox 117 2300 172 2343; x_wconf 84' lang='lat' dir='ltr'>tudo,</span> <span class='ocrx_word' id='word_1_297' title='bbox 185 2300 204 2336; x_wconf 91' lang='lat' dir='ltr'>in</span> <span class='ocrx_word' id='word_1_298' title='bbox 217 2310 297 2349; x_wconf 83' lang='lat' dir='ltr'>genere</span> <span class='ocrx_word' id='word_1_299' title='bbox 310 2297 404 2335; x_wconf 88' lang='lat' dir='ltr'>adhiberi</span> <span class='ocrx_word' id='word_1_300' title='bbox 415 2304 525 2346; x_wconf 89' lang='lat' dir='ltr'>poterunt,</span> <span class='ocrx_word' id='word_1_301' title='bbox 545 2309 596 2346; x_wconf 88' lang='lat' dir='ltr'>quae</span> <span class='ocrx_word' id='word_1_302' title='bbox 609 2304 683 2335; x_wconf 89' lang='lat' dir='ltr'>contra</span> <span class='ocrx_word' id='word_1_303' title='bbox 698 2299 868 2336; x_wconf 88' lang='lat' dir='ltr'>consuetudinem</span> <span class='ocrx_word' id='word_1_304' title='bbox 880 2312 929 2348; x_wconf 88' lang='lat' dir='ltr'>pec·</span> 
     </span>
     <span class='ocr_line' id='line_1_37' title="bbox 119 2357 930 2408; baseline 0.002 -13"><span class='ocrx_word' id='word_1_305' title='bbox 119 2359 160 2396; x_wconf 85' lang='lat' dir='ltr'>cati</span> <span class='ocrx_word' id='word_1_306' title='bbox 172 2360 250 2401; x_wconf 83' lang='lat' dir='ltr'>valent,</span> <span class='ocrx_word' id='word_1_307' title='bbox 267 2358 392 2405; x_wconf 89' lang='lat' dir='ltr'>praesertim</span> <span class='ocrx_word' id='word_1_308' title='bbox 405 2369 450 2393; x_wconf 91' lang='lat' dir='ltr'>eam</span> <span class='ocrx_word' id='word_1_309' title='bbox 461 2357 528 2394; x_wconf 90' lang='lat' dir='ltr'>indies</span> <span class='ocrx_word' id='word_1_310' title='bbox 547 2369 606 2394; x_wconf 86' lang='lat' dir='ltr'>rnane</span> <span class='ocrx_word' id='word_1_311' title='bbox 619 2364 639 2393; x_wconf 95' lang='lat' dir='ltr'>et</span> <span class='ocrx_word' id='word_1_312' title='bbox 650 2369 739 2405; x_wconf 88' lang='lat' dir='ltr'>vespere</span> <span class='ocrx_word' id='word_1_313' title='bbox 758 2358 864 2395; x_wconf 84' lang='lat' dir='ltr'>exanimo</span> <span class='ocrx_word' id='word_1_314' title='bbox 882 2372 930 2408; x_wconf 89' lang='lat' dir='ltr'>pro-</span> 
     </span>
     <span class='ocr_line' id='line_1_38' title="bbox 118 2416 930 2468; baseline 0.002 -14"><span class='ocrx_word' id='word_1_315' title='bbox 118 2424 163 2465; x_wconf 88' lang='lat' dir='ltr'>pter</span> <span class='ocrx_word' id='word_1_316' title='bbox 175 2419 242 2454; x_wconf 88' lang='lat' dir='ltr'>Deum</span> <span class='ocrx_word' id='word_1_317' title='bbox 255 2417 379 2460; x_wconf 86' lang='lat' dir='ltr'>detestetur,</span> <span class='ocrx_word' id='word_1_318' title='bbox 391 2416 520 2464; x_wconf 90' lang='lat' dir='ltr'>implorando</span> <span class='ocrx_word' id='word_1_319' title='bbox 533 2417 594 2453; x_wconf 91' lang='lat' dir='ltr'>etiam</span> <span class='ocrx_word' id='word_1_320' title='bbox 608 2416 699 2453; x_wconf 87' lang='lat' dir='ltr'>divinum</span> <span class='ocrx_word' id='word_1_321' title='bbox 711 2416 810 2454; x_wconf 85' lang='lat' dir='ltr'>auxilium</span> <span class='ocrx_word' id='word_1_322' title='bbox 823 2417 847 2454; x_wconf 88' lang='lat' dir='ltr'>ad</span> <span class='ocrx_word' id='word_1_323' title='bbox 856 2429 930 2468; x_wconf 87' lang='lat' dir='ltr'>propo·</span> 
     </span>
    </p>
   </div>
   <div class='ocr_carea' id='block_1_3' title="bbox 100 2476 940 2840">
    <p class='ocr_par' dir='ltr' id='par_1_8' title="bbox 119 2476 932 2657">
     <span class='ocr_line' id='line_1_39' title="bbox 119 2476 931 2528; baseline 0.002 -13"><span class='ocrx_word' id='word_1_324' title='bbox 119 2477 154 2515; x_wconf 87' lang='lat' dir='ltr'>siti</span> <span class='ocrx_word' id='word_1_325' title='bbox 169 2478 193 2515; x_wconf 90' lang='lat' dir='ltr'>de</span> <span class='ocrx_word' id='word_1_326' title='bbox 211 2478 246 2515; x_wconf 89' lang='lat' dir='ltr'>illa</span> <span class='ocrx_word' id='word_1_327' title='bbox 264 2477 399 2526; x_wconf 84' lang='lat' dir='ltr'>exstirpanda</span> <span class='ocrx_word' id='word_1_328' title='bbox 418 2476 584 2528; x_wconf 86' lang='lat' dir='ltr'>adimpletionem</span> <span class='ocrx_word' id='word_1_329' title='bbox 603 2477 761 2522; x_wconf 81' lang='lat' dir='ltr'>necessarium,</span> <span class='ocrx_word' id='word_1_330' title='bbox 779 2490 873 2516; x_wconf 89' lang='lat' dir='ltr'>necnon</span> <span class='ocrx_word' id='word_1_331' title='bbox 891 2479 931 2517; x_wconf 85' lang='lat' dir='ltr'>sibi</span> 
     </span>
     <span class='ocr_line' id='line_1_40' title="bbox 119 2540 930 2594; baseline 0.004 -14"><span class='ocrx_word' id='word_1_332' title='bbox 119 2541 216 2581; x_wconf 87' lang='lat' dir='ltr'>mulctam</span> <span class='ocrx_word' id='word_1_333' title='bbox 230 2541 318 2594; x_wconf 89' lang='lat' dir='ltr'>aliquam</span> <span class='ocrx_word' id='word_1_334' title='bbox 331 2540 448 2587; x_wconf 88' lang='lat' dir='ltr'>statuendo,</span> <span class='ocrx_word' id='word_1_335' title='bbox 466 2540 547 2594; x_wconf 84' lang='lat' dir='ltr'>quoties</span> <span class='ocrx_word' id='word_1_336' title='bbox 560 2540 658 2594; x_wconf 90' lang='lat' dir='ltr'>deinceps</span> <span class='ocrx_word' id='word_1_337' title='bbox 670 2540 690 2579; x_wconf 93' lang='lat' dir='ltr'>in</span> <span class='ocrx_word' id='word_1_338' title='bbox 702 2540 722 2580; x_wconf 92' lang='lat' dir='ltr'>id</span> <span class='ocrx_word' id='word_1_339' title='bbox 737 2540 810 2581; x_wconf 90' lang='lat' dir='ltr'>vitium</span> <span class='ocrx_word' id='word_1_340' title='bbox 826 2541 930 2583; x_wconf 86' lang='lat' dir='ltr'>inciderit.</span> 
     </span>
     <span class='ocr_line' id='line_1_41' title="bbox 193 2602 932 2657; baseline 0.004 -14"><span class='ocrx_word' id='word_1_341' title='bbox 193 2606 260 2644; x_wconf 86' lang='lat' dir='ltr'>Porro</span> <span class='ocrx_word' id='word_1_342' title='bbox 274 2613 347 2645; x_wconf 87' lang='lat' dir='ltr'>contra</span> <span class='ocrx_word' id='word_1_343' title='bbox 359 2605 473 2644; x_wconf 89' lang='lat' dir='ltr'>temeraria</span> <span class='ocrx_word' id='word_1_344' title='bbox 487 2604 580 2655; x_wconf 86' lang='lat' dir='ltr'>judicia,</span> <span class='ocrx_word' id='word_1_345' title='bbox 600 2618 625 2644; x_wconf 84' lang='lat' dir='ltr'>ex</span> <span class='ocrx_word' id='word_1_346' title='bbox 638 2617 759 2657; x_wconf 86' lang='lat' dir='ltr'>quacunque</span> <span class='ocrx_word' id='word_1_347' title='bbox 771 2602 855 2645; x_wconf 88' lang='lat' dir='ltr'>tandem</span> <span class='ocrx_word' id='word_1_348' title='bbox 867 2620 932 2646; x_wconf 84' lang='lat' dir='ltr'>causa</span> 
     </span>
    </p>

    <p class='ocr_par' dir='ltr' id='par_1_9' title="bbox 100 2666 940 2840">
     <span class='ocr_line' id='line_1_42' title="bbox 100 2666 931 2720; baseline -0.001 -13"><span class='ocrx_word' id='word_1_349' title='bbox 100 2709 102 2711; x_wconf 74' lang='grc'><strong>,</strong></span> <span class='ocrx_word' id='word_1_350' title='bbox 119 2666 276 2720; x_wconf 86' lang='lat' dir='ltr'>processerint,</span> <span class='ocrx_word' id='word_1_351' title='bbox 293 2667 386 2706; x_wconf 82' lang='lat' dir='ltr'>remedia</span> <span class='ocrx_word' id='word_1_352' title='bbox 401 2674 450 2705; x_wconf 91' lang='lat' dir='ltr'>sunt</span> <span class='ocrx_word' id='word_1_353' title='bbox 468 2670 491 2715; x_wconf 87' lang='lat' dir='ltr'>a]</span> <span class='ocrx_word' id='word_1_354' title='bbox 511 2667 608 2719; x_wconf 84' lang='lat' dir='ltr'>diligenti</span> <span class='ocrx_word' id='word_1_355' title='bbox 626 2667 794 2707; x_wconf 88' lang='lat' dir='ltr'>consideratione</span> <span class='ocrx_word' id='word_1_356' title='bbox 813 2670 931 2718; x_wconf 83' lang='lat' dir='ltr'>expendere</span> 
     </span>
     <span class='ocr_line' id='line_1_43' title="bbox 120 2728 940 2781; baseline 0.001 -13"><span class='ocrx_word' id='word_1_357' title='bbox 120 2742 195 2768; x_wconf 86' lang='lat' dir='ltr'>sacrae</span> <span class='ocrx_word' id='word_1_358' title='bbox 208 2728 333 2777; x_wconf 83' lang='lat' dir='ltr'>Scripturae</span> <span class='ocrx_word' id='word_1_359' title='bbox 346 2730 477 2767; x_wconf 87' lang='lat' dir='ltr'>testimonia:</span> <span class='ocrx_word' id='word_1_360' title='bbox 495 2729 578 2767; x_wconf 71' lang='lat' dir='ltr'>„Nolite</span> <span class='ocrx_word' id='word_1_361' title='bbox 586 2728 695 2777; x_wconf 88' lang='lat' dir='ltr'>judicare,</span> <span class='ocrx_word' id='word_1_362' title='bbox 714 2736 735 2767; x_wconf 90' lang='lat' dir='ltr'>et</span> <span class='ocrx_word' id='word_1_363' title='bbox 746 2741 785 2767; x_wconf 90' lang='lat' dir='ltr'>non</span> <span class='ocrx_word' id='word_1_364' title='bbox 799 2729 940 2781; x_wconf 64' lang='lat' dir='ltr'>judicabimi,</span> 
     </span>
     <span class='ocr_line' id='line_1_44' title="bbox 121 2790 932 2840; baseline 0 -10"><span class='ocrx_word' id='word_1_365' title='bbox 121 2790 191 2838; x_wconf 78' lang='lat' dir='ltr'>ni’&#39;²].</span> <span class='ocrx_word' id='word_1_366' title='bbox 212 2792 259 2830; x_wconf 73' lang='lat' dir='ltr'>„Tu</span> <span class='ocrx_word' id='word_1_367' title='bbox 272 2790 350 2839; x_wconf 88' lang='lat' dir='ltr'>quies,</span> <span class='ocrx_word' id='word_1_368' title='bbox 369 2791 402 2840; x_wconf 91' lang='lat' dir='ltr'>qui</span> <span class='ocrx_word' id='word_1_369' title='bbox 415 2790 500 2838; x_wconf 86' lang='lat' dir='ltr'>judicas</span> <span class='ocrx_word' id='word_1_370' title='bbox 512 2790 602 2828; x_wconf 89' lang='lat' dir='ltr'>alienum</span> <span class='ocrx_word' id='word_1_371' title='bbox 614 2793 714 2829; x_wconf 83' lang='lat' dir='ltr'>servum?</span> <span class='ocrx_word' id='word_1_372' title='bbox 732 2790 821 2829; x_wconf 92' lang='lat' dir='ltr'>Domino</span> <span class='ocrx_word' id='word_1_373' title='bbox 840 2803 877 2829; x_wconf 89' lang='lat' dir='ltr'>suo</span> <span class='ocrx_word' id='word_1_374' title='bbox 890 2797 932 2830; x_wconf 88' lang='lat' dir='ltr'>stat</span> 
     </span>
    </p>
   </div>
   <div class='ocr_carea' id='block_1_4' title="bbox 145 2920 495 2960">
    <p class='ocr_par' dir='ltr' id='par_1_10' title="bbox 145 2917 495 2960">
     <span class='ocr_line' id='line_1_45' title="bbox 145 2920 495 2960; baseline -0.006 -7"><span class='ocrx_word' id='word_1_375' title='bbox 145 2924 161 2960; x_wconf 89' lang='lat'>¹)</span> <span class='ocrx_word' id='word_1_376' title='bbox 170 2921 211 2954; x_wconf 76' lang='lat' dir='ltr'>Lib.</span> <span class='ocrx_word' id='word_1_377' title='bbox 223 2924 239 2953; x_wconf 81' lang='lat' dir='ltr'>l.</span> <span class='ocrx_word' id='word_1_378' title='bbox 251 2921 296 2953; x_wconf 73' lang='lat' dir='ltr'>cl}</span> <span class='ocrx_word' id='word_1_379' title='bbox 306 2937 331 2958; x_wconf 50' lang='grc' dir='ltr'>-τ</span> <span class='ocrx_word' id='word_1_380' title='bbox 340 2921 355 2958; x_wconf 82' lang='lat'>²)</span> <span class='ocrx_word' id='word_1_381' title='bbox 365 2920 412 2952; x_wconf 79' lang='lat' dir='ltr'>Luc.</span> <span class='ocrx_word' id='word_1_382' title='bbox 422 2920 454 2955; x_wconf 86' lang='lat' dir='ltr'>vl.</span> <span class='ocrx_word' id='word_1_383' title='bbox 465 2922 495 2952; x_wconf 82' lang='lat'>37.</span> 
     </span>
    </p>
   </div>
   <div class='ocr_carea' id='block_1_5' title="bbox 0 0 1044 3193">
    <p class='ocr_par' dir='ltr' id='par_1_11' title="bbox 0 0 1044 3193">
     <span class='ocr_line' id='line_1_46' title="bbox 0 0 1044 3193; baseline 0 0"><span class='ocrx_word' id='word_1_384' title='bbox 0 0 1044 3193; x_wconf 95' lang='lat' dir='ltr'> </span> 
     </span>
    </p>
   </div>
  </div>
 </body>
</html>
