2056 3193
139 73 169 117 96

141 201 214 241 nempe
227 191 329 235 Christus,
342 188 375 238 qui
387 193 542 228 sacramentum
553 189 724 228 Poenitentiaein
732 191 874 229 Ecelesiasua
885 186 945 228 insti·

141 251 187 297 tuit,
200 259 220 289 et
231 253 251 289 in
267 264 291 289 ea
304 256 404 299 perpetuo
420 253 545 289 conservari
563 251 677 294 desiderat,
693 262 719 287 ex
734 252 870 302 consequenti
884 252 946 289 etiam

141 313 272 362 prohibuisse
284 317 382 349 censetur
398 324 478 350 omnem
496 313 552 350 illum
567 311 667 349 scientiae
686 312 801 361 acquisitae
820 326 846 350 ex
864 313 945 352 confes·

142 375 199 410 sione
214 384 281 414 usum,
301 384 337 421 per
354 385 413 423 quem
430 374 523 410 homiues
542 384 554 409 a
572 371 711 409 Sacramento
730 373 764 409 illo
785 379 945 418 avertet-cutum

143 435 188 472 talis
201 438 232 470 est
243 438 311 470 autem
323 446 374 471 usus
385 434 429 479 ille,
442 435 466 472 de
478 446 515 484 quo
527 433 547 469 in
561 434 684 471 assertione.
698 433 817 482 Quaeritur,
836 446 861 471 an
880 436 946 472 omnis

142 507 190 531 usus
204 494 224 529 in
242 495 371 532 commodum
386 497 529 544 poenitentis,
546 500 566 530 et
580 495 601 530 in
615 497 652 532 arii
665 496 737 544 ipsiius
751 495 945 546 (poenitentiarii)

141 556 214 592 bonum
226 554 254 592 sit
265 556 395 605 prohibitus?
586 601 588 603 v

215 617 240 654 A.
258 617 315 665 Quod
333 617 407 654 attinet
428 629 497 662 usum,
520 617 554 667 qui
570 618 591 654 in
610 618 735 666 poenitentis
754 619 883 656 commodum
903 619 946 663 fiat,

140 677 308 729 distinguendum
322 684 361 723 est,
373 691 398 716 an
410 678 447 716 fiat
457 681 480 717 in
491 679 524 715 vel
535 682 603 717 eartro
615 679 775 718 confessionale,

219 737 243 787 i]
256 740 390 777 Confessario
402 740 475 785 licere,
488 752 533 777 cum
545 741 664 790 poenitente
674 744 698 779 in
710 742 859 779 confessionali
871 743 947 789 (etiam

139 801 246 851 impertita
263 802 306 850 jam
326 801 467 850 absolutione]
488 802 512 840 de
534 802 571 847 iis,
591 814 642 853 quae
662 803 794 841 confessione
814 803 947 842 manifestata

140 869 196 909 sunt,
209 863 303 913 colloqui,
315 863 366 900 nulli
377 863 472 911 subjacet
483 864 550 909 dubio,
563 865 616 914 quia,
629 870 651 901 ut
662 864 719 912 ajunt
730 865 861 910 Moralistae,
874 876 946 902 sacra·

141 926 230 962 mentale
238 924 339 973 judicium
350 925 458 963 moraliter
473 925 588 975 perdurare
606 932 711 964 censetur.
723 927 835 965 ,accusans
850 932 871 963 et
886 938 946 964 accu-

141 992 198 1024 satus
211 986 275 1024 adhuc
287 992 336 1024 sunt
347 999 418 1024 coram
429 986 534 1024 tribunali.
557 987 601 1025 bec
613 988 679 1025 minus
692 987 763 1026 licebit
775 987 914 1033 confessario,
926 988 946 1024 in

142 1048 308 1086 confessionibus
321 1048 494 1097 subsequentibus
506 1060 541 1085 res
553 1048 611 1097 prius
619 1048 664 1096 jam
676 1049 756 1086 auditas
765 1049 885 1087 adsalutem
898 1061 946 1098 poe·

141 1110 226 1147 nitentis
239 1109 303 1147 denuo
316 1109 419 1159 proferre.
432 1109 518 1147 Juvabit
529 1122 599 1159 porro,
615 1109 640 1147 de
655 1110 774 1159 quibusdam
791 1111 884 1160 priorum
899 1122 946 1148 con·

142 1171 255 1208 iessionuru
267 1170 383 1209 defectibus
394 1170 461 1219 ipsum
474 1171 664 1215 commonefacere,
683 1172 707 1209 oh
721 1172 870 1210 emendationis
883 1170 946 1209 tardi·

142 1238 218 1277 tatem,
244 1232 268 1269 ob
289 1232 377 1269 iteratos
395 1232 415 1269 in
434 1238 521 1282 peccata
535 1232 579 1280 jam
601 1233 683 1282 saepius
703 1233 835 1271 confessione
853 1232 947 1282 exposita

140 1293 236 1343 relapsus
248 1305 350 1344 arguere,
367 1299 388 1331 et
402 1293 422 1330 in
437 1293 614 1338 circumstantias,
627 1306 677 1344 quas
690 1294 746 1332 scire
764 1307 814 1343 opus
828 1300 870 1338 est,
886 1305 947 1332 aceu-

140 1354 207 1392 ratius
218 1354 335 1404 inquirere,
354 1354 438 1404 insuper
454 1355 604 1404 praecedentes
621 1354 765 1393 confessiones
783 1355 891 1405 respicere
903 1353 946 1392 lici·

142 1422 183 1453 tum
202 1415 252 1460 erit,
271 1416 295 1453 ad
315 1415 450 1466 specialiores
465 1416 617 1454 instructiones
635 1416 792 1465 impertiendas,
812 1416 837 1454 ad
855 1416 947 1465 aptiores

141 1477 278 1528 poenitentias
290 1477 423 1527 imponendas
436 1482 476 1515 etc.
494 1478 546 1515 b‘am
559 1477 701 1515 confessarius
718 1478 738 1515 in
757 1478 802 1515 foro
815 1476 948 1515 Sacramenti

141 1551 224 1588 semper
241 1539 284 1576 obit
301 1551 373 1576 munus
395 1539 479 1583 medici,
503 1539 556 1576 unde
568 1539 635 1588 ipsum
652 1539 720 1576 officio
736 1539 814 1590 stringi
830 1549 947 1581 censemus,

142 1606 229 1650 peccata
242 1600 286 1648 jam
305 1600 437 1638 confessione
455 1600 559 1650 exposita,
581 1606 616 1637 aut
634 1601 685 1637 alias
705 1613 716 1637 a
733 1601 852 1649 poenitente
868 1599 947 1649 patefa-

143 1669 187 1700 ctas
211 1661 379 1700 circumstantias
400 1661 421 1699 in
440 1674 498 1699 usum
516 1661 661 1706 convertendi,
680 1667 701 1699 et
716 1661 804 1710 desuper
820 1660 916 1711 loquendi
926 1660 947 1697 in

143 1723 300 1772 confessionali,
318 1729 340 1761 ut
357 1723 451 1761 morbum
469 1723 568 1760 moralem
586 1723 660 1760 melius
679 1729 787 1773 agnoscat,
805 1734 890 1772 eumque
903 1720 947 1758 effi-

142 1785 213 1823 cacius
238 1797 313 1822 sanare
331 1790 398 1834 queat.
421 1783 525 1829 Accedit,
554 1784 611 1832 ajunt
632 1784 767 1829 moralistae,
795 1782 948 1822 confessarium

143 1859 207 1898 agere
232 1852 255 1883 ut
277 1847 318 1883 Dei
341 1846 462 1890 Vicarium,
485 1845 571 1896 proinde
594 1845 623 1883 uti
644 1851 714 1895 potest
736 1844 822 1889 notitia,
846 1855 905 1894 quam
927 1849 948 1880 ut

142 1908 189 1946 talis
200 1907 269 1945 habet.

218 1965 244 2016 2)
257 1969 282 2007 Si
292 1981 343 2007 vero
356 1968 499 2007 confessarius
514 1970 581 2007 entra
599 1967 752 2006 eonfessionale
772 1979 817 2005 cum
829 1966 947 2016 poenitente

143 2031 167 2069 de
179 2031 242 2068 rebus
254 2031 274 2068 iu
289 2030 421 2068 confessione
438 2029 585 2068 occurentibus
600 2030 667 2079 loqui,
683 2029 799 2067 consultum
815 2033 836 2065 et
849 2038 948 2065 necessa-

143 2094 195 2130 rium
207 2092 275 2137 ducat,
287 2098 316 2136 ut,
329 2103 374 2129 cum
387 2097 492 2129 errantem
504 2090 597 2135 edoceat,
616 2091 712 2128 damnum
724 2090 804 2140 aliquod
816 2090 840 2127 ab
852 2102 876 2127 eo
889 2101 948 2126 aver-

144 2160 180 2198 tat,
193 2153 304 2192 clariorem
316 2153 340 2191 de
351 2166 376 2190 re
388 2150 474 2202 quadam
481 2152 643 2190 instructionem
655 2151 751 2189 exhibeat
760 2157 799 2188 etc.
812 2150 860 2201 quid
871 2150 948 2187 facien-

144 2216 204 2253 dum?
216 2214 238 2251 ld
250 2226 290 2252 non
302 2214 338 2252 fiat
349 2215 427 2263 absque
438 2212 564 2263 poenitentis
577 2225 678 2262 expresse
693 2219 714 2250 et
724 2212 814 2250 libenter
826 2211 873 2248 data
885 2210 948 2248 facul·

145 2282 193 2322 tate,
206 2288 267 2314 secus
280 2276 334 2313 enim
346 2275 455 2325 poenitens
467 2276 508 2312 tale
521 2274 644 2324 colloquium
656 2280 752 2324 tanquam
768 2273 800 2310 sui
817 2272 883 2321 ipsius
901 2283 949 2309 con·

145 2337 245 2375 fusionem
257 2342 278 2374 et
289 2336 396 2387 quamdam
408 2336 587 2387 redargutionem,
605 2335 645 2372 imo
662 2341 754 2385 apertam
773 2333 840 2384 sigilli
854 2332 949 2370 violatio·

145 2410 191 2435 nem
206 2399 284 2436 babere
299 2403 381 2448 posset,
399 2398 452 2435 unde
467 2396 606 2435 confessionis
625 2396 732 2447 negotium
747 2394 788 2445 ipsi
805 2394 914 2431 molestum
930 2399 950 2430 et

146 2459 237 2497 odiosum
255 2459 385 2497 redderetur.
408 2458 477 2506 Quare
492 2458 545 2496 bene
562 2463 631 2495 monet
649 2457 672 2495 S.
691 2456 779 2494 Carolus
795 2456 949 2493 Borromaeus:

147 2518 232 2567 Quodsi
251 2523 329 2570 posteo
350 2522 481 2557 necessitate
498 2520 589 2556 coaetus
607 2530 656 2556 euru
673 2519 768 2568 ipsomet
779 2518 904 2567 poenitente
925 2513 951 2552 de

143 2582 241 2633 peccetis
257 2580 316 2631 loqui
333 2582 459 2628 eontinpot,
477 2580 502 2618 iot
517 2581 607 2618 nonnisi
618 2579 727 2629 praefato
741 2580 805 2616 oeniu
815 2578 903 2628 faciut,
929 2577 951 2613 et

144 2646 217 2694 ipsum
229 2640 361 2692 colloquium
372 2640 478 2680 obtinebit
486 2643 529 2678 viru
545 2642 704 2691 confessionis,
725 2642 831 2690 quantuni
843 2637 874 2675 od
882 2635 949 2685 sipiili

145 2703 258 2742 silentium
269 2704 350 2741 attinet*
653 2726 656 2731 -

221 2764 246 2800 Β.
260 2762 337 2811 Quibus
348 2765 385 2802 sub
398 2762 557 2806 conditionibus,
570 2763 621 2801 etin
634 2775 685 2813 quos
697 2764 749 2801 fines
763 2760 892 2799 confessario
905 2758 949 2798 lici-

145 2833 187 2866 tum
200 2824 247 2869 erit,
259 2823 327 2861 resin
339 2825 470 2863 confessione
488 2823 568 2861 auditas
580 2825 600 2861 in
617 2837 682 2862 testim
693 2835 759 2861 Situm
771 2821 884 2865 deducere,
903 2820 951 2871 quin

146 2899 267 2941 expressam
280 2885 369 2936 desuper
380 2885 493 2924 obtinuerit
504 2884 624 2924 facultatem
636 2898 648 2924 a
658 2880 793 2935 poenitente?
806 2903 835 2911 -
847 2882 890 2921 Sub
901 2893 950 2921 eon·
