2056 3193
123 64 151 108 ὣ

123 179 230 231 integram
246 179 367 217 catholicam
379 178 509 223 Ecclesiam,
524 178 599 215 honum
615 178 678 215 totius
694 178 775 217 divinae
796 179 928 218 oeconomiae

125 241 211 286 attinet3
232 241 325 278 damnum
340 245 383 283 est,
399 239 451 289 quod
467 251 511 277 oum
528 237 629 288 spirituali
643 246 728 276 aeterna
747 239 849 278 hominum
861 240 927 277 salute

125 314 179 340 nexu
192 302 309 339 arctissimo
329 300 456 344 continetur,
473 300 567 349 adquam
589 307 709 348 comparate
723 300 792 349 utique
812 314 882 340 omnes
895 313 928 338 re-

127 364 195 413 liquae
207 363 299 399 rationes
311 369 440 400 evanescunt
449 360 473 407 1)·

199 425 286 459 Frustra
298 423 389 460 nonnulli
401 421 479 472 politici
493 421 600 466 effutiunt,
613 421 716 459 silentium
729 429 769 459 tam
783 435 879 462 severum
895 437 927 461 sa-

126 485 162 521 luti
173 483 267 531 publicae
290 483 409 528 adversare
430 483 469 519 ima
485 482 553 530 potius
569 483 625 518 salus
640 483 722 530 publica
737 482 776 520 hoc
794 483 839 532 ipso
858 485 930 536 rigore

126 543 214 594 egregie
226 550 367 592 promovetur.
381 543 405 580 st
418 542 470 580 enim
484 542 577 587 crimina,
591 543 669 592 quaein
681 543 794 591 perniciem
803 544 930 593 reipublicae

126 604 221 648 tendum,
241 618 252 641 a
272 604 400 641 confessario
416 603 476 640 licide
498 603 693 647 manifestarentur,
717 615 776 641 nemo
798 605 869 642 talium
892 605 931 642 sibi

126 664 225 701 conscius
238 666 309 701 eadem
322 663 469 708 confiteren11=;
486 675 538 700 nunc
550 675 600 700 vcro
615 663 647 700 ubi
660 663 684 700 de
697 664 790 701 absoluta
803 664 868 714 sigilli
879 666 931 703 inte-

126 725 205 775 gritate
218 731 310 768 constat,
324 730 394 769 erunt,
414 725 446 773 qui
458 724 601 762 conscientiae
613 724 743 762 remorsihus
755 725 806 769 acti,
819 726 843 762 de
854 725 896 762 illis
909 739 931 763 se

126 791 237 830 accusent,
252 791 335 833 tumque
351 784 493 822 confessarius
506 786 638 822 occasionem
650 785 789 829 nanciscitur,
813 797 849 822 eos
862 786 886 822 ad
899 799 931 824 sa-

126 845 186 883 niora
197 844 308 882 reducendi
321 845 418 888 consilia,
434 851 487 882 utet
506 844 546 893 ipsi
559 858 570 882 a
583 846 662 893 coeptis
678 845 789 889 desistant,
806 852 825 883 et
840 858 889 882 suos
904 847 931 883 si·

126 907 166 943 mul
183 906 252 944 socios
271 906 325 942 omni
345 906 404 943 modo
422 906 532 943 retrahere
552 912 659 944 conentur.
675 906 735 943 Nulla
755 906 824 955 itaque
841 907 861 943 iu
883 919 932 944 casu

127 967 257 1005 confessario
277 966 378 1017 detegere
393 967 475 1010 licebit,
495 979 545 1016 quac
559 968 577 1004 ei
595 980 619 1003 ax
636 966 767 1004 confessione
783 974 860 1004 tantum
876 967 933 1004 inno·

127 1033 221 1072 tuerunt,
237 1028 275 1063 uisi
292 1028 400 1075 poenitens
417 1028 460 1076 ipsc
475 1028 601 1076 permiserit.
617 1030 644 1065 llt
656 1029 675 1064 si
685 1028 718 1064 vel
735 1028 827 1066 launico
844 1040 893 1065 casu
906 1028 933 1064 si·

127 1088 199 1141 gillum
208 1094 301 1125 nostrum
309 1094 417 1137 pateretur
428 1089 577 1138 exceptionem,
592 1088 744 1138 poenitentibus
754 1089 809 1127 foret
816 1089 934 1133 timendum.

127 1163 151 1188 ne
164 1150 215 1199 apud
227 1150 284 1198 ipsos
297 1149 329 1187 hic
346 1162 407 1188 casus
422 1162 498 1187 revera
510 1150 624 1193 obtineret,
641 1157 675 1187 aut
694 1150 767 1187 saltem
791 1150 934 1188 confessarius

127 1212 180 1248 hunc
194 1222 264 1247 casum
277 1210 372 1247 obtinere
385 1217 464 1259 putaret
479 1217 499 1247 et
510 1217 596 1259 peccata
609 1211 761 1248 manifestaret:
774 1210 811 1258 Qui
825 1211 886 1248 timor
899 1223 934 1248 eos

128 1285 139 1309 a
152 1272 290 1309 Sacramenta
304 1277 398 1315 arceret,
411 1278 431 1308 ct
444 1271 474 1308 sic
487 1271 574 1309 medium
588 1272 611 1309 ad
624 1272 712 1309 salutem
726 1271 838 1308 animarum
852 1271 934 1322 gravis-

128 1333 200 1370 simum
214 1338 235 1368 et
247 1331 354 1369 admodum
367 1332 510 1370 necessarium
522 1332 547 1369 iis
560 1333 684 1381 surriperet

128 1416 148 1449 Si
159 1416 292 1448 confessarius
302 1425 358 1448 suum
368 1419 469 1460 peccatum
478 1416 527 1449 citra
537 1416 593 1459 sigilli
603 1415 714 1449 violationis
724 1415 829 1458 perieulum
837 1415 935 1449 declarare

153 1465 194 1509 ipse
209 1464 225 1498 in
236 1465 359 1498 contessione
372 1474 407 1498 non
421 1465 491 1508 possit,
506 1464 563 1499 debet
576 1465 594 1498 id
608 1465 688 1499 nuncin
701 1465 800 1509 praesenti
814 1464 936 1499 confessione

151 1514 244 1554 reticere,
258 1515 305 1547 etin
315 1514 359 1555 alia,
375 1513 407 1547 ubi
417 1515 454 1547 lroc
463 1514 570 1558 periculum
578 1515 641 1555 abest,
661 1515 751 1557 deinceps
769 1523 872 1557 exponere.
889 1514 936 1546 Nam

153 1563 240 1596 strictius
250 1562 342 1607 sigillum,
356 1573 412 1606 quam
422 1564 551 1597 confessionis
561 1564 661 1607 integritas
676 1563 755 1606 obligat,
768 1572 804 1597 nec
813 1563 831 1596 in
840 1562 879 1597 ullo
890 1572 937 1597 casu

153 1613 222 1646 uiolari
231 1616 304 1656 potest.

178 1662 226 1704 Quid
236 1663 357 1696 sentiendum
367 1662 389 1696 de
399 1662 436 1695 illis
447 1663 538 1703 secretis,
548 1672 597 1705 quac
607 1662 703 1695 sacerdoti
714 1666 768 1695 extra
779 1671 853 1696 omnem
861 1662 937 1695 confes·

154 1711 226 1744 sionem
237 1712 319 1754 quidem,
331 1715 362 1744 ast
371 1710 406 1745 suh
417 1712 552 1754 expressione:
565 1712 624 1745 „otoo
635 1710 668 1743 tihi
678 1711 712 1745 sub
723 1711 786 1754 sigillo
796 1711 937 1745 confessionisu

154 1759 312 1794 committuntur?
322 1761 342 1794 S.
352 1761 436 1793 'l'lromas
446 1761 557 1803 respondet,
567 1761 617 1804 quod
627 1770 663 1793 non
674 1760 730 1793 facile
740 1761 783 1803 quis
791 1760 893 1803 quidquam
902 1760 939 1792 hoc

155 1810 210 1843 modo
224 1809 312 1853 recipere
327 1809 402 1843 debeat
420 1809 493 1851 Quodsi
507 1814 569 1843 tamen
583 1810 670 1852 recipiat,
685 1813 759 1842 tenetur
772 1818 795 1842 ex
809 1809 938 1852 promissione

155 1860 191 1892 hoe
202 1859 266 1899 modo,
276 1868 299 1892 ac
308 1859 325 1892 si
334 1860 352 1891 in
364 1859 488 1893 confessione
498 1858 585 1898 haberet,
594 1858 665 1898 celare,
676 1859 763 1901 quamvis
774 1857 810 1891 suh
821 1857 884 1901 sigillo
894 1867 938 1891 con-

154 1907 245 1941 fessionis
263 1918 300 1940 non
318 1907 393 1941 haheat.
412 1908 558 1941 sacramentale
575 1907 624 1941 eninr
642 1907 726 1950 sigillum
740 1906 776 1939 soli
794 1905 912 1940 confessioni
929 1916 940 1939 a

156 1957 233 1989 Christo
244 1957 344 1991 institutae
357 1958 456 2000 proprium
470 1961 508 1998 est,
521 1957 565 1990 talis
580 1957 676 1990 confessio
691 1958 709 1990 in
718 1955 817 1999 praedicto
830 1965 867 1989 non
876 1955 939 1995 adest,

155 2014 203 2048 ergo
213 2015 274 2049 neque
280 2005 344 2049 sigillo
352 2006 496 2046 sacramentali,
506 2007 540 2039 sed
548 2004 840 2039 solummodosecretanaturali
847 2005 939 2038 adiacen-

156 2054 199 2088 dum
210 2055 309 2096 sacerdos,
324 2055 354 2099 qui
369 2055 432 2088 taliter
443 2055 567 2088 committenti
581 2054 677 2088 silentium
690 2063 772 2088 servare
781 2054 876 2097 promisit,
892 2052 940 2086 ohli-

154 2107 216 2146 gatur.
228 2104 285 2136 Addit
294 2105 380 2146 Sylvius,
389 2105 438 2137 lianc
448 2104 765 2147 admissionemseuexceptionem
775 2102 857 2145 aliqu'us
867 2102 940 2137 secreti

155 2162 165 2184 a
183 2153 292 2186 sacerdote
304 2154 381 2193 factam,
397 2163 433 2186 non
448 2161 514 2186 carcre
528 2152 654 2186 irreverentia
667 2152 788 2185 Sacramenti
801 2152 940 2191 Poeniteutiae‚

156 2182 200 2244 qula
209 2201 281 2234 nullum
291 2211 382 2235 arcanum
392 2202 454 2244 possit
464 2205 541 2235 secreto
552 2201 680 2234 confessionis
690 2201 817 2244 aequiparari.

443 2310 517 2364 Casus
531 2311 633 2381 practici.

206 2436 224 2489 ξ,
238 2434 273 2475 60.
289 2433 306 2475 l.
324 2437 392 2475 Judeu
409 2437 523 2475 criminalis
536 2430 656 2476 ‘catholicus
668 2438 742 2474 invitat
753 2436 866 2486 parochum
884 2435 908 2472 N.
920 2433 940 2472 in

134 2498 291 2544 cancellariam
315 2505 422 2548 comparet
436 2497 468 2536 hic
485 2505 504 2536 et
519 2506 617 2549 rogatur,
636 2506 657 2536 ut
673 2499 756 2536 sincere
772 2497 837 2541 dicat,
858 2496 940 2546 auquid

134 2559 188 2597 sciat
196 2559 219 2596 dc
230 2561 320 2598 violenta
330 2572 392 2597 arcae
404 2571 532 2598 nummorum
546 2561 639 2598 fractura
648 2574 658 2597 a
668 2560 718 2607 cajo
728 2560 813 2608 quodam
823 2557 940 2595 corrrmissa.

133 2619 241 2658 Parochus
253 2627 358 2670 raptorem
371 2620 439 2664 novit,
455 2628 487 2658 ast
499 2633 523 2658 cx
537 2621 680 2666 ctrrrfessionc,
696 2627 756 2658 extra
769 2632 828 2669 quam
841 2630 886 2655 cum
906 2630 940 2656 uo-

133 2680 209 2720 minari
221 2693 260 2718 non
273 2683 355 2720 audivit.
370 2682 421 2731 Quid
433 2681 564 2720 faciendum?
579 2683 642 2721 Salva
655 2682 784 2720 couscientia
796 2680 866 2718 dicere
879 2680 941 2726 valet,

134 2756 156 2781 se
169 2741 220 2781 nihil
232 2742 296 2787 scire,
308 2744 347 2781 imo
360 2744 378 2781 si
390 2756 440 2794 opus
453 2744 516 2788 foret,
529 2743 568 2782 hoc
580 2745 664 2782 effatum
677 2756 735 2781 suum
744 2741 881 2791 jurejurando
893 2754 941 2781 con·

134 2838 330 2847 -.-.-—-—.—---

158 2876 172 2914 a
182 2864 228 2918 ,orry
235 2875 262 2909 ct
271 2875 335 2909 rnna
343 2875 484 2919 nehemiae.
