2017 3193
851 94 896 139 203

89 218 167 261 cietur3
185 227 249 265 quare
261 214 341 260 modus,
354 223 449 266 tempora
461 222 482 253 et
493 216 546 261 loca,
559 216 632 265 quibus
645 212 785 253 exercendum
798 211 833 256 sit,
845 222 895 248 non-

88 288 190 327 nunquam
210 276 311 314 adcurate
328 276 438 316 indicanda
456 283 509 313 sunt.
531 276 572 315 Dic
589 276 715 325 poenitenti,
735 273 815 325 quando
834 272 897 309 satis·

89 339 201 378 factionem
214 337 286 375 facere
301 339 384 384 debeat,
402 336 482 387 quando
497 337 601 386 incipere,
620 338 699 387 quando
716 336 842 380 terminare:
862 333 896 372 de·

89 401 151 451 signa
163 406 244 448 tempus
256 406 277 437 et
288 400 354 450 ipsum
367 404 504 442 momentum,
516 398 535 433 si
546 397 593 434 fieri
603 405 683 445 potest,
695 411 714 435 v.
727 412 747 449 g,
760 404 809 447 post
820 406 897 445 preces

88 459 212 507 rnatutinas,
224 462 368 512 vespertinae,
383 458 470 499 meridie
483 458 601 508 adpulsum
614 470 725 508 campanae
737 471 773 508 pro
786 457 897 496 salutatio-

89 536 115 560 ne
127 522 237 573 Angelica.
255 523 294 561 Ubi
312 524 380 561 omnia
397 523 427 559 ita
438 520 523 559 definita
536 526 556 558 et
568 519 636 558 defixa
647 526 705 564 suut,
724 532 763 557 non
780 533 845 569 prona
864 525 897 557 cst

90 583 173 630 oblivio,
186 590 206 622 et
212 584 330 635 impositum
342 582 494 622 satisfactionis
501 594 552 632 epus
564 593 604 619 non
617 580 679 619 facilc
694 581 817 632 negligitur.
829 584 896 619 Acce-

91 646 133 691 dit,
158 646 208 696 quod
227 647 364 685 determinata
382 645 499 683 satisfactio
517 644 615 682 libentius
634 650 655 681 et
676 642 775 680 attentius
793 643 896 691 impletur,

91 720 151 758 quam
163 721 213 759 quae
225 708 354 761 generaliter
366 707 499 757 praescripta
512 706 586 752 fuerit,
604 711 625 743 et
642 705 704 755 quod,
723 716 769 742 cum
781 704 896 741 satisfactio

91 770 115 808 ad
130 777 208 808 eertum
222 776 301 819 tempus
314 769 451 808 determinata
462 781 503 807 non
516 775 555 813 est,
566 767 697 818 postmodum
708 766 797 804 haerent
808 766 897 816 plerum-

92 844 129 881 que
141 832 233 882 fiuntque
245 831 301 869 anxii
312 831 451 881 poenitentes.

164 890 190 940 2]
209 892 266 940 Quod
278 904 441 942 nonpossumus
453 904 492 929 non
504 892 612 929 inculcare
631 890 761 934 enixissime,
780 889 800 927 id
818 888 899 938 praeci-

91 967 153 1005 puum
165 961 208 999 est,
220 960 243 991 ut
255 953 399 991 confessarius
410 953 474 991 isthic
485 953 617 1003 potissimum
628 954 759 991 sinceritatem
771 955 793 989 et
803 952 899 989 alacrita-

92 1019 120 1054 tis
131 1014 250 1053 illecebras
262 1014 374 1059 redhibeat,
389 1014 410 1052 id
423 1026 536 1059 exercens,
553 1014 605 1064 quod
618 1014 658 1052 sibi
670 1013 694 1051 ab
705 1013 805 1062 Apostolo
817 1012 899 1062 praeci-

91 1078 161 1128 pitur:
179 1076 220 1115 „Si
237 1082 405 1125 praeoccupatus
420 1076 486 1113 fuerit
502 1076 562 1114 borno
580 1076 601 1113 in
613 1075 680 1125 aliquo
693 1075 781 1119 delicto,
799 1086 847 1119 vos,
866 1073 900 1123 qui

92 1137 213 1188 spirituales
227 1136 289 1182 estis,
301 1136 419 1185 hujusmodi
429 1137 528 1175 instruite
539 1138 560 1175 in
572 1137 648 1186 spiritu
659 1136 766 1174 lenitatis”
782 1133 807 1182 ¹).
821 1135 899 1173 Sacer-

92 1200 129 1238 dos
141 1198 195 1236 enim
206 1197 247 1235 Dei
258 1198 325 1235 vicem
337 1200 404 1248 gerit,
425 1205 445 1236 et
458 1198 598 1248 poenitentiae
611 1198 701 1235 tribunal
712 1209 753 1234 nou
766 1204 798 1235 est
809 1197 901 1234 tribunal

92 1261 148 1304 irae,
167 1259 204 1297 sed
215 1259 381 1298 misericordiae.
404 1259 450 1298 Hoc
463 1260 516 1298 enim
528 1259 640 1297 intercedit
651 1258 779 1297 discriminis
790 1258 846 1296 inter
859 1257 900 1307 spi-

93 1321 180 1359 rituales
199 1332 354 1370 corporeosque
371 1322 467 1366 morbos,
486 1322 538 1371 quod
555 1321 577 1358 hi
595 1333 660 1372 aegro
679 1321 729 1358 licet
746 1319 810 1357 invito
830 1319 901 1357 curari

93 1383 185 1433 possint3
204 1382 223 1419 si
235 1382 288 1419 enim
300 1381 389 1427 restitit,
407 1382 508 1428 vincitur,
528 1389 548 1420 et
562 1394 624 1432 saepe
636 1382 693 1419 nulla
703 1380 775 1419 habita
787 1381 901 1419 clamorum

94 1450 115 1482 et
126 1443 240 1481 ululatuum
253 1442 297 1491 ejus
309 1443 422 1481 rationein
434 1444 479 1493 ipso
491 1444 544 1482 fiunt
554 1443 690 1482 necessariae
701 1443 822 1481 incisiones.
834 1441 901 1479 Medi-

95 1518 142 1550 cus,
155 1505 184 1541 ait
195 1503 218 1542 S.
230 1504 372 1556 Augustinus,
384 1516 424 1542 non
437 1505 493 1542 audit
505 1505 530 1543 ad
541 1506 678 1550 voluntatem,
697 1505 733 1542 sed
746 1504 770 1541 ad
783 1503 901 1542 sanitatem.

92 1568 120 1605 At
131 1571 238 1615 peccator,
257 1566 275 1603 si
286 1566 338 1603 nolit
350 1567 431 1611 curari,
449 1567 530 1617 nequit,
550 1573 570 1604 et
584 1565 678 1604 muneris
694 1571 726 1603 est
742 1577 765 1603 ae
780 1564 903 1615 prudentiae

94 1626 221 1666 confessarii
232 1626 301 1664 divina
312 1627 363 1665 freti
375 1628 442 1678 galia,
462 1628 559 1673 efficere,
577 1628 671 1673 elvelit:
690 1627 743 1677 quod
756 1639 781 1664 cx
791 1632 840 1663 voto
854 1638 902 1664 con·

93 1689 177 1739 tingere
188 1687 269 1737 nequit,
281 1688 322 1725 nisi
332 1688 407 1726 blande
420 1701 467 1726 sese
478 1690 499 1726 in
511 1690 601 1726 animum
612 1689 657 1738 ejus
668 1689 766 1733 insinuet,
778 1700 825 1725 nam
837 1687 902 1725 molli·

94 1751 132 1787 bus
143 1748 223 1798 potius,
242 1760 302 1799 quam
314 1749 371 1787 duris
384 1750 515 1788 sermonibus
529 1750 677 1802 compungitur
689 1750 769 1787 animus
785 1749 903 1798 delinquen·

94 1810 128 1847 tis.
157 1808 179 1848 S.
197 1809 320 1847 Bernardus
339 1810 482 1849 confessarios
501 1811 605 1849 suavitate
624 1811 688 1849 divini
706 1810 792 1859 spiritus
811 1811 904 1859 repletos

96 1876 203 1920 comparat
215 1870 294 1908 sanctis
307 1870 439 1923 rrrulieribus,
459 1885 510 1922 quae
526 1872 642 1910 attulerunt
656 1877 774 1923 unguenta,
792 1878 815 1908 ut
828 1883 904 1920 corpus

94 1931 179 1970 Domini
189 1938 237 1981 post
248 1931 292 1980 ejus
305 1932 382 1969 obitum
393 1939 505 1984 ungerent.

169 1989 195 2040 3)
214 1992 363 2030 Confessarius
382 2006 492 2044 numquam
510 2006 550 2032 nan
569 2000 655 2032 servata
670 1993 786 2031 christiana
801 1993 905 2031 suavitate

97 2066 121 2091 ac
133 2053 236 2090 charitate
249 2056 396 2103 poenitentem
408 2067 432 2092 eo
446 2054 551 2104 deducat,
569 2058 596 2093 eet
604 2056 785 2107 satisfactionem
797 2053 905 2091 alcartter

97 2116 195 2164 acceptet
205 2117 308 2165 certaque
318 2113 404 2152 subeat.
423 2114 529 2163 Quomodo
546 2128 597 2153 vero
613 2116 633 2153 id
645 2115 737 2153 efficiet?
753 2116 906 2164 Praeterquam

97 2173 149 2226 quod
167 2173 271 2212 abstineat
289 2187 301 2211 a
318 2175 389 2212 verbis
408 2175 465 2213 duris
484 2183 505 2213 et
523 2176 615 2225 asperis,
633 2176 715 2214 amodo
728 2176 804 2227 agendi
815 2176 873 2213 sicco
886 2181 907 2212 et

93 2235 175 2284 jejuno,
194 2234 228 2284 qui
240 2235 320 2272 animos
332 2236 419 2281 avertit,
438 2249 448 2273 e
461 2243 534 2274 contra
545 2243 616 2274 utatur
629 2236 684 2274 ouini
696 2237 799 2273 suavitate
812 2242 832 2273 et
842 2236 905 2274 bene-

49 2295 51 2299 '
96 2296 194 2341 volentia,
206 2317 236 2322 —-
246 2295 371 2344 praeprimis
383 2297 512 2346 requiritur:
546 2299 569 2344 a)
581 2297 635 2334 utin
647 2297 774 2346 paenitentia
786 2297 831 2334 sive
844 2296 906 2334 satis-

97 2356 188 2395 factione
200 2355 327 2406 injungenda
339 2356 443 2406 gradatim
454 2357 565 2406 procedat,
583 2357 680 2395 nimirum
692 2358 716 2394 ab
727 2358 787 2395 initia
799 2357 836 2403 iis,
855 2370 907 2407 quae

97 2417 186 2456 maxime
197 2423 276 2469 urgent
287 2423 307 2455 et
319 2417 415 2467 spiritum
427 2417 566 2467 poeniteutiae
579 2418 660 2462 foveut,
679 2418 778 2467 operibus
797 2425 907 2457 contentus

97 2479 134 2524 sit,
153 2478 268 2528 poenitenti
283 2485 352 2516 autem
366 2478 530 2529 frequentiorem
540 2480 686 2518 Poenitentiae
699 2479 833 2518 Saerameuti
846 2492 907 2518 usum

96 2540 224 2589 praecipiat,
242 2545 302 2589 atque
321 2540 345 2577 ad
357 2552 442 2578 sacrum
454 2541 546 2578 tribuual
557 2540 656 2579 reducem
668 2541 746 2578 sensim
759 2541 783 2579 ad
794 2541 907 2590 perfectio-

97 2612 133 2638 res
145 2601 286 2651 poenitentiae
297 2600 381 2639 fructus
392 2600 497 2640 hortetur.
520 2601 611 2641 Pulchre
622 2602 643 2640 in
654 2601 708 2641 banc
720 2614 765 2640 rem
778 2601 801 2641 S.
815 2601 906 2651 Chryso·

99 2666 178 2699 stamus
190 2662 225 2699 ait.
249 2662 439 2710 „Quemadmodum
451 2664 523 2712 optimi
534 2664 609 2702 medici
620 2676 666 2708 eos,
686 2664 720 2713 qui
736 2664 816 2702 difficili
828 2664 907 2702 diutur-

98 2730 165 2768 noque
176 2723 248 2762 morbo
261 2723 397 2770 decumbunt,
413 2723 479 2763 variis
496 2724 605 2763 medicinis
624 2725 649 2762 ad
661 2725 771 2762 sanitatem
782 2726 906 2768 restituunt,

98 2791 138 2816 non
150 2793 233 2831 sempor
244 2790 328 2823 utentes
340 2791 385 2823 arte
401 2785 496 2834 (interim
509 2787 563 2824 enim
575 2779 668 2824 nonnihil
681 2786 811 2836 cupientibus
825 2786 907 2823 diversa

124 2915 140 2955 ¹)
154 2912 197 2947 Gal.
205 2914 239 2948 VI·
250 2919 267 2949 1.
