2056 3193
129 68 171 112 150

205 183 308 232 Quantum
320 182 345 219 ad
356 181 409 219 hauc
422 181 483 217 animi
501 181 596 231 vitaeque
613 180 776 218 inmutationem
795 193 819 219 ae
838 181 946 233 emenda-¹

128 245 204 284 tionem
223 242 382 294 poenitentium,
402 242 498 291 inprimis
516 243 611 293 graviter
629 241 772 290 peccantium,
795 254 819 279 ne
838 241 933 292 pristinis

127 306 184 344 uitiis
197 306 324 355 indulgeant,
336 304 450 354 praecipua
462 316 514 342 cura
526 302 650 342 confessarii
661 303 744 341 musari
756 303 823 347 debet,
839 306 862 351 a]
876 304 933 341 circa

126 364 303 419 pecootocordls
321 367 421 415 intorno7
441 378 493 416 quae
512 376 654 413 nonnunquam
672 366 760 402 animum
779 365 866 417 gravius
886 378 932 403 sau·

129 430 189 472 ciant,
203 433 223 464 et
234 426 389 475 periculosiora
401 433 449 464 sunt
461 427 493 471 tis,
506 427 584 477 quaein
594 424 703 462 manifesto
717 426 859 471 admittuntur,
872 434 933 477 atque

127 495 260 539 peccatorum
274 490 321 526 orio
339 490 444 539 alopecia
456 488 501 525 fons
514 488 605 538 etorigo
621 487 694 524 merito
710 488 846 535 appellantur.
864 488 932 526 Pluri-

127 562 159 587 ma
171 562 258 599 namquo
272 556 358 599 peecata
370 548 520 601 cogitationum
539 548 599 587 tloeoi
611 554 646 585 aut
658 547 715 585 nihili
726 548 787 596 pondi
799 550 877 595 solent;
897 549 932 587 scd

126 611 200 649 horum
212 617 347 661 peccatorum
360 610 492 649 maximaesr
504 611 557 647 ratio
571 609 673 655 habenda:
690 609 743 646 mala
758 610 811 647 enim
830 611 892 648 animi
904 611 933 648 af-

126 673 190 711 fectio
203 678 297 709 naturam
309 673 391 721 pcccati
404 671 517 709 constituit
538 672 638 708 Essenlia
655 671 728 721 quippe
746 683 797 708 vera
816 673 897 720 pcccati
913 672 933 710 in

125 746 227 784 pervorsa
240 732 301 770 animi
314 732 449 782 dispositione
462 732 566 778 consistit,
579 739 638 769 actus
651 745 701 769 vero
714 733 795 769 externi
807 732 862 770 illius
875 734 934 783 quasi

126 808 203 845 eorpus
215 807 252 831 seu
265 794 353 832 actualis
365 793 463 831 exhibitio
483 800 537 831 sunt.
553 793 611 831 Haec
630 793 676 843 ipsa
692 794 765 831 mentis
781 794 888 843 dispositio
904 795 934 832 in-

125 864 185 894 terne
198 869 220 893 sc
233 855 301 905 prodit
313 854 458 893 delectatione
476 855 506 892 sie
525 855 579 893 dicta
598 867 703 904 litoroso)
722 859 836 904 (qtratenus
855 855 934 895 animos

125 917 207 966 objecto
219 916 366 966 peccaminoso
378 916 443 954 libere
457 917 599 963 introeatur-jo,
612 915 721 954 {desiderio
733 918 766 953 vel
782 917 875 955 decreto.
895 916 934 965 Qui

125 980 157 1017 lris
171 979 251 1016 actibus
264 979 353 1016 internis
369 990 406 1015 seu
419 978 488 1016 cordis
501 978 617 1027 acquiescit
628 978 755 1024 voluntarie,
774 991 813 1016 raon
825 979 891 1016 solum
904 979 933 1016 eis

124 1041 176 1091 ipsis
189 1047 275 1090 peccata
288 1039 405 1084 committit,
416 1052 488 1077 verum
504 1040 565 1076 etiam
578 1043 723 1077 externorum
731 1043 873 1090 peccalorum
886 1053 934 1078 eau-

125 1114 169 1140 sam
182 1102 275 1152 pracbct.
289 1101 357 1139 Sacra
369 1101 476 1150 scriptura
487 1101 569 1138 intorno
582 1100 652 1138 cordis
664 1108 751 1150 peccata
768 1114 806 1138 non
825 1101 892 1139 prims
911 1115 934 1139 ac

125 1170 213 1201 externa
243 1162 347 1213 prohibet:
377 1162 520 1200 „albortriuatio
545 1162 636 1208 Domini
654 1162 792 1213 cogitationes
823 1161 933 1210 rrralac’'¹].

127 1225 221 1268 noturus,
241 1224 275 1273 qui
286 1224 363 1261 viderit
381 1224 488 1261 mulierem
505 1224 528 1261 ad
548 1223 735 1273 concupiscendum
748 1236 803 1270 υίιιιι,
817 1224 860 1273 jam
879 1237 934 1262 moe·

126 1286 200 1324 ciratus
213 1292 245 1323 cst
257 1298 302 1323 cam
314 1286 335 1322 in
348 1285 411 1323 eorde
423 1298 475 1324 suos
484 1283 509 1332 2).
523 1285 545 1323 S.
558 1285 691 1336 Augustinus
703 1285 727 1322 de
740 1285 833 1335 pcccatis
844 1286 933 1324 internis

125 1349 154 1385 ita
166 1347 266 1396 loquitur:
281 1345 396 1397 „Quidquid
409 1346 448 1389 vis,
461 1353 482 1383 et
493 1359 531 1384 non
544 1353 611 1396 potes,
625 1346 700 1383 fartum
710 1348 766 1384 Deus
779 1348 896 1397 computat”
907 1345 933 1394 ³),

126 1415 146 1446 ct
165 1408 222 1446 alibi:
243 1407 281 1446 „Si
300 1408 331 1445 cui
348 1408 409 1445 etiam
428 1420 467 1444 non
486 1408 594 1459 contingat
611 1408 699 1445 facultas
719 1409 868 1446 concumbendi
888 1422 934 1446 cunr

127 1469 215 1520 conjuge
228 1469 302 1513 aliena,
315 1470 397 1518 planum
410 1475 478 1506 tamen
491 1470 558 1519 aliquo
571 1469 629 1506 modo
640 1469 674 1513 sit,
687 1468 706 1506 id
719 1481 765 1506 cum
778 1482 864 1518 cupere,
884 1470 934 1507 etsi

126 1526 219 1580 potestas
232 1531 299 1574 detur,
312 1530 415 1568 facturum
428 1542 483 1575 esse,
497 1542 535 1567 non
549 1531 615 1567 nriuus
628 1543 677 1567 reus
690 1537 729 1575 est,
747 1542 806 1580 quam
819 1530 836 1568 st
853 1531 873 1568 in
888 1531 933 1580 ipso

126 1592 181 1630 facto
194 1591 399 1641 deprehenderetur'’
407 1587 432 1638 ⁴).

201 1652 259 1701 Quod
272 1652 346 1690 attinet
359 1665 496 1696 consensum,
515 1658 583 1690 utrum
603 1653 674 1702 pravis
690 1653 852 1704 cogitationibus
871 1654 935 1692 menti

127 1715 234 1763 animoque
247 1714 407 1752 obversantibus
426 1713 541 1763 praestitus
564 1714 640 1759 fuerit,
659 1726 696 1751 nce
714 1726 752 1760 nc,
775 1715 934 1766 distinguendus

127 1782 160 1812 est
171 1776 354 1825 concupiscentiae
367 1781 434 1812 molus
447 1775 529 1824 triplex.
550 1776 597 1819 ms,
614 1775 648 1824 qui
660 1776 742 1813 omnino
753 1777 880 1813 voluntatem
899 1788 934 1813 an-

127 1836 222 1880 tevertit,
240 1843 261 1873 et
279 1835 331 1885 qtrrtd
345 1835 392 1873 imle
412 1836 558 1885 corrmpatur,
577 1836 630 1873 liber
648 1848 686 1873 nou
700 1843 742 1880 cst:
761 1837 792 1880 is,
805 1837 839 1886 (μή
853 1838 934 1874 omnino

125 1898 179 1935 liber
192 1910 231 1934 uon
244 1904 289 1941 est,
308 1897 355 1946 quia
373 1898 469 1934 voluntas
486 1897 551 1934 eirlem
571 1903 687 1946 repugnat,
703 1897 797 1945 quoniam
815 1903 934 1935 tamennon

127 1959 179 1996 satis
192 1958 211 1995 ei
222 1958 350 2001 reluctatur,
369 1970 493 1995 corlsensum
506 1957 652 2006 imperfectum
667 1957 733 1995 eidem
747 1958 849 2007 praebere
862 1971 934 1997 ccrrse·

127 2027 174 2064 tur3
187 2025 207 2056 ct
219 2019 250 2064 is,
268 2019 303 2068 qui
315 2025 347 2056 est
365 2020 447 2056 omuino
459 2018 519 2063 libor,
532 2019 580 2068 quia
592 2031 637 2056 cum
651 2019 779 2069 cognitione,
794 2020 848 2058 citra
863 2032 934 2058 ncces-

128 2081 224 2125 sitatem,
243 2087 303 2129 atque
316 2080 366 2117 adeo
379 2092 426 2117 cum
439 2079 548 2118 attractione
560 2081 656 2117 voluntas
668 2080 687 2117 in
707 2092 752 2117 cum
767 2080 842 2118 fertur.
854 2081 935 2119 Horum

128 2142 190 2179 trium
203 2147 293 2179 motuum
309 2141 398 2190 primum
413 2148 522 2190 peccalum
536 2154 574 2177 non
588 2147 631 2184 est,
645 2142 733 2178 alterum
745 2142 826 2179 veniale
846 2148 935 2186 tantum,

127 2202 212 2239 tertium
225 2202 296 2250 procul
309 2201 369 2239 dubio
382 2201 461 2253 grave''
473 2199 498 2249 ⁵).

202 2262 351 2300 Confessarius
370 2263 451 2312 itaque,
476 2263 508 2312 qui
530 2263 677 2311 peccatoribus
697 2264 829 2301 errrendandis
852 2276 936 2312 oporam

129 2329 201 2367 navat,
219 2323 313 2372 peccatis
327 2323 416 2360 internis
433 2323 574 2371 exstirpandis
589 2323 660 2360 scdulo
673 2323 781 2360 adlaboret
793 2324 869 2361 fontem
888 2337 935 2374 pec-

130 2389 222 2421 catorum
235 2383 357 2421 obturando.
370 2386 408 2421 Ex.
422 2397 455 2435 gr.
469 2384 532 2433 Cajus
545 2384 669 2428 confitetur,
682 2398 704 2421 se
716 2386 736 2421 in
749 2385 874 2423 commercio
887 2398 935 2435 quo-

129 2444 205 2482 tidiano
221 2458 267 2483 cum
280 2444 326 2481 aliis
338 2446 503 2490 contribulibus,
521 2445 573 2481 etin
586 2445 712 2488 laborando,
731 2458 793 2493 saepe
809 2446 828 2482 in
841 2446 936 2496 blasphe-

129 2504 181 2541 mias
196 2512 217 2542 ct
234 2505 392 2544 exsecrationes
412 2506 514 2556 erupisse.
539 2505 642 2550 „scisne
662 2505 715 2543 unde
728 2505 827 2553 ejusmodi
846 2507 937 2556 pessima

129 2566 225 2603 verbain
244 2579 267 2604 os
279 2573 336 2604 tuum
356 2567 456 2605 veniant?
472 2567 546 2605 Dicam
565 2567 615 2612 tibi,
635 2566 693 2604 modo
712 2568 801 2604 attende.
821 2568 863 2605 Cor
880 2574 936 2605 tuum

129 2639 169 2664 non
181 2627 233 2663 bene
245 2634 277 2664 cst
289 2628 412 2677 dispositum
426 2628 593 2677 orrlinaturnqrte;
611 2626 663 2677 quod
682 2626 700 2663 si
712 2640 748 2665 cor
761 2635 817 2666 tuum
833 2635 890 2666 essct
901 2629 936 2667 bo-

133 2728 313 2737 ——--

153 2790 168 2827 1)
179 2781 273 2818 Prouerb.
284 2785 325 2818 XV.
334 2789 364 2819 26.
375 2805 398 2810 —
408 2789 424 2825 2)
433 2786 493 2818 Malla.
502 2785 525 2818 V⁴
535 2787 564 2819 28,
574 2805 597 2810 -
606 2788 622 2823 ὅ)
631 2787 650 2818 ln
660 2786 732 2819 Psalm.
742 2786 849 2827 evit-⁴)
859 2788 909 2822 Libr.
920 2792 936 2822 1.

180 2834 275 2869 delibero
286 2833 351 2866 arbitr.
362 2845 377 2867 c.
388 2838 405 2867 2.
417 2835 456 2868 Csr.
466 2835 535 2867 Mattlr.
545 2836 568 2867 V.
580 2838 605 2868 ll.
616 2836 657 2868 XV.
669 2837 697 2867 18.
706 2836 749 2868 xtl.
759 2836 788 2868 3¹⁴.
798 2836 867 2869 Jacob.
876 2838 908 2870 tv.
920 2840 936 2871 1.

178 2885 193 2919 1.
205 2885 234 2918 lb.
243 2903 268 2908 —
277 2886 293 2923 ⁵)
304 2883 324 2915 S.
335 2884 401 2916 Thom.
411 2887 486 2928 quaest.
498 2884 546 2927 disp.
556 2893 573 2927 q.
586 2886 614 2916 15.
623 2893 640 2917 a.
652 2885 679 2918 ta.
