2056 3193
128 96 206 142 >82

177 213 231 250 enim
242 212 312 250 habita
323 210 402 247 ratione
415 210 477 246 annui
489 210 561 259 spatii,
574 210 597 247 ad
610 209 661 258 quod
673 207 790 257 hujusmodi
802 211 920 249 Jubilaeunr
932 222 978 259 prc-

177 274 268 312 tenditur
279 274 308 309 ita
320 270 343 307 de
355 270 478 318 Apostolica
489 271 621 310 liberalitatis
632 269 759 317 plenitudine
776 272 915 312 concedimus.
933 270 979 309 Hoc

178 341 245 373 tamen
257 333 395 377 declarantes,
414 332 517 371 neminem
528 343 590 382 posse
604 329 645 367 nisi
658 329 728 367 semet
741 332 760 368 id
773 339 806 369 est
819 334 885 383 prima
899 337 978 370 tantum

177 397 222 432 vice
234 393 273 430 lrni
286 405 324 430 seu
335 392 519 444 potiritavortbus
531 393 578 430 huic
586 390 690 437 Jubilaeo,
703 391 813 440 adjunctis.
827 396 912 444 „quales
924 399 978 438 sunt,

176 461 198 492 ut
209 453 284 491 ibidem
296 453 380 499 dicitur,
393 454 494 492 absolutio
507 467 518 490 a
531 452 626 490 censuris
642 459 663 489 et
678 453 762 490 casibus
777 457 906 501 reservatis,
925 467 979 493 conr-

170 515 261 552 vmutatio
273 522 370 553 votorum
389 523 428 553 etc.
445 517 503 565 Ergo
522 514 603 551 omuino
619 514 728 552 tenendum
745 521 787 559 est,
806 528 851 553 eum
867 518 901 567 qui
915 517 980 554 semel

175 588 185 612 a
203 577 322 614 reservatis
341 577 447 614 absolutus
466 574 558 612 Jubilaei
575 574 667 626 gratiani
685 576 840 625 promeruerit,
864 578 888 614 ab
906 578 979 615 iisdem

174 637 242 675 altera
253 638 301 676 vice
314 638 393 675 absolvi
405 650 444 674 non
456 648 524 685 posse.
543 636 591 674 Huc
604 637 666 674 etiam
679 643 775 687 spectant
789 638 853 675 verba
870 640 978 677 Bullarum

174 700 312 738 communiter
328 704 410 737 notata:
430 697 482 737 111111
494 697 540 736 vice
552 698 651 736 tantum.'⁷
667 700 684 735 E
697 705 771 736 contra
786 711 811 737 ex
826 700 897 737 verbis
912 702 979 738 Bene-

174 760 225 799 dicti
236 761 292 799 XIV.
306 767 338 799 sat
350 761 407 799 clare
419 766 482 809 patet,
498 760 519 798 in
530 761 627 799 Jubilaeo
640 761 693 810 quod
705 761 729 798 ad
744 762 805 799 unius
824 762 871 799 urrni
887 754 979 811 'spatium

174 823 312 871 protenditur,
323 821 466 874 indulgentias
478 822 583 872 plenarias
595 822 627 860 bis
638 823 745 872 pluriesve
758 823 848 861 obtineri
859 835 928 873 posse.

388 941 518 996 Jurisdlctio
532 942 555 995 in
569 942 663 996 articulo
677 943 764 996 nrortis.

248 1057 265 1111 ξ.
278 1053 314 1096 54.
326 1058 364 1096 Pie
376 1058 497 1103 admodum,
514 1071 540 1095 ne
555 1058 594 1096 bac
608 1058 655 1108 ipsa
673 1071 758 1096 casuum
773 1065 931 1097 reservatorum
944 1071 978 1097 oc-

176 1120 259 1158 casione
273 1120 346 1170 aliquis
359 1126 441 1170 pereat,
458 1120 478 1157 in
490 1120 588 1158 Ecclesia
600 1120 726 1158 custoditum
738 1132 820 1169 semper
832 1120 877 1166 fuit,
890 1127 912 1158 ut
924 1121 979 1158 nulla

175 1182 202 1219 sit
213 1182 330 1219 reservatio
348 1182 368 1218 in
388 1182 476 1219 articulo
491 1181 572 1219 mortis.
592 1181 643 1219 (ium
656 1182 709 1219 enim
722 1182 883 1220 Sacramentum
902 1182 940 1219 hoc
952 1182 980 1219 sit

174 1243 352 1280 inremissionem
364 1249 498 1292 peecatorum
510 1243 638 1288 institutum,
651 1250 672 1280 et
683 1243 756 1281 mortis
769 1243 872 1282 articulus
887 1244 927 1288 sit,
945 1243 979 1281 ubi

174 1316 209 1341 res
221 1305 291 1356 agitur
304 1311 339 1342 aut
350 1310 464 1354 perpetuae
476 1304 592 1350 felicitatis,
605 1311 640 1342 aut
651 1311 764 1355 perpetuae
777 1305 921 1349 damnationis,
939 1317 979 1342 non

174 1372 249 1416 ageret
259 1367 371 1411 Ecclesia,
390 1378 442 1416 quae
455 1365 536 1415 Spiritu
560 1372 633 1404 sancto
649 1366 792 1417 gubernatur,
808 1367 920 1404 secundum
937 1378 978 1404 1111-

173 1427 287 1476 piissimam
302 1428 343 1465 Dei
354 1427 530 1472 misericordiam,
548 1428 566 1465 si
580 1440 620 1465 non
632 1428 688 1465 omni
700 1428 791 1466 remedio
804 1428 888 1465 exeunti
900 1428 924 1465 ab
940 1426 978 1465 hac

173 1488 220 1526 luce
232 1489 387 1539 promptissime
399 1495 551 1532 succurreret,
570 1495 631 1539 atque
644 1490 695 1527 adeo
714 1490 797 1539 siquod
809 1496 917 1540 peceatum
930 1495 978 1527 tunc

174 1557 307 1588 reservatum
318 1551 391 1596 vellet,
404 1557 439 1588 aut
452 1550 540 1600 aliquem
552 1551 684 1589 sacerdotem
697 1563 835 1600 suspensum,
858 1564 883 1588 ne
905 1562 978 1588 munus

174 1611 312 1649 absolutionis
323 1612 459 1662 impenderet.
480 1613 560 1662 ‚alitque
575 1612 621 1650 ideo
634 1612 695 1650 docet
713 1612 837 1650 Tridentino
849 1612 938 1661 synodus
946 1610 978 1659 ¹),

174 1684 244 1710 onmes
257 1674 379 1711 sacerdotes
392 1673 495 1723 quoslibet
506 1673 637 1723 poenitentes
650 1686 661 1711 a
673 1674 781 1723 quibusvis
792 1674 886 1722 pcccatis
899 1679 978 1710 111111-

174 1734 230 1770 suris
242 1735 352 1772 absolvere
364 1734 446 1783 posse.”
458 1734 501 1771 Pro
514 1734 604 1772 faciliori
615 1747 654 1772 usu
667 1741 687 1772 et
700 1735 836 1785 applicatione
844 1734 895 1772 llaec
904 1741 977 1772 sunto:

173 1795 196 1832 In
208 1796 282 1833 mortis
295 1795 383 1834 articulo
403 1807 442 1833 non
454 1787 534 1833 tanturn
545 1795 574 1833 ita
592 1796 648 1833 nulla
664 1802 697 1833 est
712 1795 841 1840 reservatio,
854 1802 876 1832 ut
894 1795 979 1845 quilibet

173 1856 274 1894 sacerdos
282 1858 333 1894 alias
341 1857 489 1906 jurisdictione
497 1857 599 1907 gaudens
612 1858 636 1894 ab
644 1857 738 1894 omnibus
746 1857 842 1894 censuris
854 1863 874 1893 et
885 1856 979 1904 peccatis

173 1917 240 1965 possit
252 1918 372 1963 absolvere;
392 1917 428 1955 sed
440 1919 538 1955 Ecclesia
549 1917 649 1968 insuper,
662 1919 736 1955 saltem
749 1917 783 1955 ubi
795 1917 938 1954 confessarius
950 1918 978 1954 lc-

173 1978 259 2028 gitimus
272 1979 338 2023 deest,
347 1980 441 2016 omnibus
449 1978 606 2024 sacerdotibus,
615 1979 677 2017 etiam
687 1979 822 2028 simplicibus,
831 1979 865 2027 qui
873 1978 897 2015 ad
905 1990 979 2015 munus

173 2039 299 2077 confessarii
318 2040 410 2089 deputati
431 2052 470 2076 non
490 2046 551 2084 sunt,
569 2042 602 2077 vel
618 2040 803 2078 excommunicatis
822 2045 843 2077 et
858 2040 979 2088 suspensis,

173 2099 213 2136 inre
226 2106 246 2136 et
257 2100 310 2144 illis,
323 2101 356 2149 qui
369 2112 416 2137 cum
427 2101 547 2149 poenitente
558 2101 579 2137 in
591 2106 679 2149 peccato
692 2100 748 2150 turpi
760 2100 872 2149 complices
884 2099 979 2141 fuerunt,

169 2159 337 2207 jurisdictionem
349 2161 432 2206 tribuit,
444 2161 473 2198 ita
484 2167 507 2198 ut
518 2161 660 2210 poenitentem
671 2161 691 2198 in
706 2161 794 2198 articulo
806 2161 880 2198 mortis
892 2159 979 2197 versan-

172 2226 221 2266 tenr,
233 2221 319 2259 dumodo
330 2222 371 2258 rite
384 2222 497 2270 dispositus
505 2222 539 2267 sit,
553 2223 577 2259 ab
591 2223 685 2259 omnibus
697 2228 740 2260 tum
751 2222 845 2271 peccatis
854 2228 897 2258 tum
906 2223 979 2258 censu·

172 2281 201 2317 ris
214 2282 324 2320 absolvere
336 2280 447 2332 possint2).
459 2284 557 2320 Attamen
569 2283 632 2321 etiam
644 2283 734 2321 articulo
746 2283 820 2320 mortis
833 2282 914 2331 quidam
925 2281 980 2318 inter

173 2342 296 2380 sacerdotes
314 2344 365 2381 ordo
384 2344 467 2382 servari
487 2344 554 2381 debet.
582 2346 610 2382 Et
632 2344 699 2393 primo
718 2344 819 2382 sacerdos
833 2342 980 2390 jurisdictione

172 2401 258 2453 donatus
269 2404 420 2453 praeferendus
433 2411 466 2443 est
477 2405 583 2442 sacerdoti
595 2405 695 2455 simplici,
713 2404 747 2443 hic
765 2404 841 2442 iterum
860 2403 980 2441 nominatim

172 2467 348 2504 excommunicato
360 2467 394 2504 vel
406 2478 522 2515 suspenso,
539 2467 572 2504 vel
584 2466 681 2515 complici
691 2465 769 2503 infirmi
779 2466 799 2503 in
812 2471 899 2515 peccato
911 2465 979 2515 turpi,-

172 2525 251 2572 pariter
271 2529 372 2565 sacerdos
390 2527 479 2576 simplex
496 2527 649 2575 praeferendus
668 2527 736 2573 foret,
764 2528 783 2564 si
796 2526 980 2575 jurisdictionatus

171 2587 305 2634 superveniat
322 2588 454 2626 confessione
471 2600 536 2638 penes
549 2588 681 2627 sacerdotem
698 2588 813 2639 simplicem
826 2587 871 2636 jam
887 2586 980 2638 incepta;

170 2647 252 2684 demum
259 2648 278 2684 si
285 2648 468 2695 jurisdictionatus
483 2651 548 2688 nollet
555 2651 589 2688 vel
597 2663 637 2688 non
651 2657 725 2700 posset
743 2650 815 2688 audire
828 2648 981 2688 confessionem

168 2706 281 2758 jnfirrrri³].
300 2711 356 2749 lnter
371 2713 495 2751 sacerdotes
510 2712 659 2762 jurisdictione
677 2712 765 2752 donatos
778 2716 876 2763 quantum
889 2711 912 2749 ad
924 2712 980 2751 valo·

193 2821 209 2860 1)
216 2819 277 2902 glessh
286 2818 362 2901 byjpap'
373 2824 391 2884 ⁷:
400 2841 422 2846 —
431 2823 469 2856 Rit.
479 2824 535 2880 qu.
546 2822 569 2857 de
579 2822 796 2903 Sacram.Pqenit.c.ll.
807 2839 830 2844 —
839 2823 854 2861 2)
866 2821 981 2858 Cir.Carol.

216 2871 980 2966 p.tt.·:35tlt‚till5tlilliberabilis?titali‘·¹¹¹·
