2056 3193
131 62 177 104 264

132 190 186 224 mus,
199 178 301 229 quisaepe
309 177 409 227 pecunias
419 175 497 221 mundi,
507 175 621 213 illecebras
627 182 648 214 et
661 176 829 217 vehementiores
844 177 940 228 corporis

134 241 252 290 voluptates
263 239 335 276 valere
342 238 427 288 jubent,
444 237 465 276 hi
477 250 620 289 nunnunquam
633 238 703 277 innani
716 241 784 292 gloria
803 239 858 290 capti
873 239 941 277 omnia

133 300 280 352 perdiderunt”
288 298 314 348 ¹).

429 418 511 473 Contra
522 418 648 471 auaritiam.

209 543 227 597 ξ,
242 541 292 584 182.
304 546 413 584 Avaritiae
430 546 508 584 crimen
523 544 553 582 ita
571 544 616 580 Deo
635 545 765 595 pariterque
775 543 892 586 hominibus
911 553 943 586 est

133 618 227 652 exosum,
240 614 261 644 et
272 607 291 645 in
305 608 374 646 sacris
385 607 453 645 literis
470 605 616 650 maledictum,
632 612 655 644 nt
671 606 760 656 Sapiens
778 605 843 645 dicat:
860 612 943 648 „Avaro

133 668 182 706 nihil
195 675 228 706 est
239 667 398 714 scelestius’'²].
415 670 509 718 Aequum
522 679 574 717 ergo
586 673 619 704 est
631 674 651 705 et
663 668 814 712 necessarium,
827 675 849 706 ut
862 671 942 708 confes·

134 729 204 768 sarius
217 730 329 769 adcuratus
348 730 375 766 sit
392 741 437 767 cum
450 741 487 767 suo
505 728 623 778 poenitente
642 729 662 766 in
680 729 766 768 crimine
783 727 822 766 hoc
839 732 943 779 pervesti-

134 792 213 842 gando,
231 791 320 840 itemque
340 797 362 828 ut
382 790 457 828 idonea
476 796 496 827 et
515 795 631 840 opportuna
650 790 743 828 remedia
762 791 896 839 praescribat
909 792 943 837 iis,

134 864 185 902 quos
197 852 235 890 hoc
247 858 334 900 peccato
348 851 492 901 coinquinatos
504 850 672 899 deprehenderit,
685 852 745 901 quod,
757 857 779 889 ut
790 852 943 901 Apostolusdo·

134 919 175 958 cet,
189 912 262 951 „radix
274 918 307 950 est
318 913 406 950 omnium
420 913 519 950 malorum
529 910 555 959 ὃ).

208 972 308 1021 Quoniam
324 980 392 1011 autem
409 974 509 1011 avaritiae
531 973 604 1010 vitium
622 973 729 1022 reponitur
745 981 787 1012 tam
802 975 823 1013 in
839 975 944 1020 divitibus,

134 1035 169 1084 qui
181 1046 230 1084 opes
243 1046 292 1071 suas
304 1035 441 1072 immoderate
454 1029 523 1072 amant
535 1040 555 1072 et
572 1034 673 1079 retinent,
693 1046 752 1084 quam
770 1036 790 1073 in
809 1036 943 1085 pauperibus,

135 1096 169 1146 qui
180 1094 298 1133 inordinata
311 1095 422 1144 cupiditate
435 1095 520 1139 divitiis,
539 1106 589 1145 quas
602 1106 641 1132 non
659 1094 747 1140 habent,
766 1096 898 1145 acquirendis
913 1096 943 1133 in·

136 1157 243 1199 cumbunt,
262 1156 356 1204 utrisque
375 1156 468 1193 remedia
486 1156 587 1205 quaedam
604 1168 616 1192 a
631 1155 763 1193 confessario
780 1156 945 1205 praescribenda

135 1223 189 1254 sunt.
201 1217 228 1253 Εῖ
241 1216 321 1265 quidem
331 1218 453 1266 poenitenti
465 1228 543 1264 acmo7
556 1217 576 1252 st
584 1227 671 1265 perasper
683 1219 725 1264 est,
744 1217 855 1267 injungere
867 1217 946 1266 poterit

135 1277 286 1320 confessarius,
299 1282 321 1313 ut
332 1276 454 1325 frequenter
467 1276 593 1320 consideret,
611 1275 717 1313 Christum
729 1277 840 1314 Dominum
853 1290 864 1315 a
875 1278 944 1327 pueri·

134 1338 163 1375 tia
175 1343 318 1386 paupertatem
332 1337 430 1388 elegisse,
444 1349 529 1387 eamque
541 1349 617 1387 magno
630 1337 698 1374 studio
711 1344 731 1374 θῖ
743 1337 854 1376 sedulitate
867 1351 912 1376 cum
923 1339 944 1375 in

133 1399 183 1442 vita,
196 1403 239 1435 tum
251 1399 271 1434 in
284 1404 350 1435 morte
363 1399 465 1443 coluisse,
484 1398 538 1435 idenr
551 1409 630 1447 quoque
643 1397 720 1434 fecisse
733 1399 887 1436 sanctissimam
900 1398 944 1446 ejus

133 1465 230 1503 matrem,
243 1465 327 1496 sanctos
339 1459 459 1507 Apostolos,
471 1458 637 1508 praecipuosque
649 1457 707 1494 viros
720 1471 744 1495 ac
757 1470 831 1495 servos
849 1460 895 1496 Dei.
912 1460 945 1496 Ex

135 1530 173 1569 quo
185 1519 236 1556 licet
248 1519 350 1569 colligere
362 1531 475 1568 pauperum
488 1518 634 1562 conditionem,
646 1518 735 1556 sioculo
750 1518 799 1556 fidei
812 1519 944 1569 inspiciatur,

134 1579 289 1617 honoratiorem
302 1586 323 1616 et
334 1580 449 1616 beatiorem
462 1592 509 1617 esse
523 1578 639 1616 conditione
652 1578 745 1623 divitum,
757 1585 827 1628 utpote
840 1579 944 1616 aChristo

134 1640 230 1683 Domino,
243 1645 264 1676 et
274 1640 393 1689 praecipuis
406 1640 491 1678 Sanctis
505 1639 573 1690 magis
585 1638 699 1676 adamatam
712 1645 732 1676 et
744 1640 827 1677 cultam.
845 1640 945 1677 Praeter·

135 1713 159 1738 ca
179 1706 200 1737 ut
218 1712 289 1738 secum
302 1700 392 1751 cogitet,
410 1700 458 1739 huic
470 1701 533 1744 vitae,
546 1712 598 1750 qnae
614 1700 680 1737 veluti
697 1701 801 1738 transitus
818 1707 859 1746 est,
878 1713 946 1750 pauca

134 1761 258 1798 necessaria
270 1773 317 1798 esse
330 1773 354 1798 ac
366 1761 473 1807 sufficere,
485 1762 561 1810 illaque
573 1772 649 1808 pauca,
668 1772 742 1810 nempe
758 1761 825 1799 cihum
844 1768 864 1798 et
881 1762 944 1799 vcsti-

135 1828 211 1867 menta,
225 1822 298 1871 quihus
309 1820 448 1871 Apostolust)
461 1835 498 1860 nos
511 1828 621 1860 contentos
639 1833 687 1858 esse
695 1821 763 1869 jubet,
775 1823 820 1860 sine
831 1828 890 1860 tanta
897 1834 945 1860 con·

135 1884 226 1920 tentione
239 1890 259 1920 et
271 1883 375 1929 molestia,
388 1884 461 1932 quihus
474 1897 497 1921 se
510 1884 585 1921 diuites
598 1889 693 1926 onerant,
712 1883 793 1933 acquiri
803 1894 880 1932 posse,
899 1895 945 1921 cum

135 1944 237 1981 Dominus
248 1944 300 1981 haec
313 1945 408 1981 daturum
421 1951 441 1981 et
453 1946 583 1993 adjecturum
596 1955 618 1979 se
630 1943 751 1992 premiserit
762 1944 817 1988 illis,
836 1943 870 1993 qui
881 1944 945 1993 inpri-

137 2005 175 2041 mis
187 2017 276 2054 regnum
288 2005 329 2041 Dei
341 2005 476 2054 quaesierint,
495 2011 515 2042 et
523 2004 627 2053 justitiam
647 2003 691 2052 ejus
699 2001 724 2050 ⁵).
743 2004 864 2041 Meminerit
875 2016 945 2055 saepe,

136 2066 188 2116 quod
201 2066 274 2103 melius
287 2065 315 2102 sit
330 2065 431 2103 modicum
446 2066 504 2114 justo
524 2077 586 2115 super
605 2064 687 2102 divitias
704 2072 839 2115 peccatorum
856 2066 945 2112 multas:
981 2075 987 2086 ·

136 2128 188 2177 quod
200 2140 240 2164 non
253 2127 281 2164 sit
291 2127 360 2176 inopia
372 2127 492 2165 timentibus
504 2128 579 2171 Deum,
588 2127 639 2177 quod
652 2138 740 2178 magnus
753 2127 780 2165 sit
793 2133 891 2178 quaestus
903 2128 945 2178 pie·

136 2197 168 2227 tas
181 2202 226 2227 cum
240 2189 367 2227 sufficientia
375 2204 380 2235 ς
394 2190 446 2239 quod
459 2190 547 2240 optimae
560 2190 634 2227 literae
650 2189 761 2227 censuales
779 2189 821 2227 sint
832 2189 868 2227 illa
886 2189 946 2227 curi·
959 2183 962 2187 ⁴

136 2252 163 2289 sti
180 2252 301 2302 promissio:
321 2251 435 2300 „Quaerite
451 2252 540 2301 primurn
557 2263 645 2302 regnum
662 2250 715 2295 Dei,
733 2257 804 2289 cetera
823 2250 946 2303 adjicientur

135 2314 193 2352 rolris
203 2311 243 2361 Ὗ
768 2351 772 2356 .

209 2374 296 2413 Juvahit
308 2375 368 2413 etiam
387 2376 412 2413 ad
424 2375 508 2413 nimiam
525 2374 644 2412 divitiarum
660 2373 793 2422 cupiditatem
810 2374 946 2423 comprimen-

138 2436 182 2473 dam
210 2437 325 2485 poenitenti
348 2437 455 2475 inculcare
484 2436 615 2487 frequentem
645 2447 668 2473 ac
696 2434 772 2473 seriani
796 2435 946 2474 consideratio-

138 2509 182 2535 nem
201 2498 315 2536 scutentiae
327 2499 437 2536 Paulinae:
456 2498 510 2546 „Qui
522 2498 596 2535 divites
612 2497 657 2535 fieri
673 2497 752 2541 volunt,
763 2496 857 2535 incidunt
866 2497 887 2534 in
902 2504 946 2535 ten·

138 2558 234 2603 tationes,
247 2566 267 2597 et
278 2560 297 2597 in
310 2561 405 2610 laqueum
418 2558 544 2606 diaholi''⁷];
564 2559 616 2609 quod
629 2558 694 2596 multa
706 2559 800 2607 exempla
815 2564 856 2595 tam
873 2571 898 2596 ex
913 2570 946 2596 sa-

137 2621 180 2659 cris
192 2620 269 2665 literis,
282 2634 342 2671 quam
354 2634 379 2659 es
391 2621 485 2670 profanis
502 2620 598 2658 historiis
610 2626 709 2658 testatum
727 2619 822 2658 reddunt.
841 2618 946 2659 Sufficere

161 2778 175 2822 ί)
185 2779 243 2812 Hom.
254 2779 283 2810 28.
293 2778 310 2810 in
320 2779 376 2812 Joan.
387 2779 425 2812 Otr.
435 2780 510 2813 Ludov.
521 2779 601 2812 Granat.
612 2779 626 2812 l.
637 2788 653 2811 c.
664 2778 795 2820 polo—613.
814 2796 837 2800 —
854 2780 871 2814 2)
887 2778 947 2811 Eccli.

184 2829 236 2910 Ἢ
254 2846 277 2909 ἶ
290 2827 335 2908 311.
345 2828 393 2909 {inc
403 2829 426 2862 V.
437 2831 464 2862 Ill.
483 2848 507 2852 —
524 2828 666 2910 ⁴plssj'l'innlv.
685 2846 708 2849 —
724 2826 870 2863 maturuerit.
882 2829 911 2860 20.
924 2845 946 2850 —

185 2880 200 2919 a)
233 2879 280 2909 an.
318 2878 572 2929 .s.-⁷)1.rim.v.x.
